4575 5567
5 0 115 61 1,.

182 169 505 250 ἓαμ

86 271 231 370 ,ἴῃ

1830 423 1957 453 ι,-
2164 425 2201 476 ¹
2219 420 2263 489 5
2452 409 2575 454 ὣ

453 605 936 687 confirmaret
985 621 1067 680 et
1111 579 1509 696 Rabffiret,
1576 625 1772 703 quae
1820 605 2214 700 hucusque
2246 628 2344 679 ex
2379 626 2509 677 ore
2543 569 2946 679 eiusmodi
2958 613 3423 703 praeconum
3453 600 3680 676 vitae
3693 599 3965 677 Christi

446 709 927 826 eccepiss‘et.
969 724 1219 823 Atque
1272 723 1604 797 omnino
1639 718 1828 827 sola
1880 725 2193 797 traditio
2246 739 2375 799 ore
2407 719 2658 827 facta
2699 741 3101 821 propterea
3147 747 3317 796 non
3374 717 3701 796 sufficere
3752 720 3964 796 'vide-

447 846 714 934 batur,
771 846 982 944 quod
1032 848 1395 943 temporis
1422 834 1780 948 succeffn,
1837 843 1931 917 ab
1985 867 2151 917 uno
2176 843 2305 924 ad
2355 846 2678 918 alterum
2730 843 3224 932 transeundo,
3271 840 3503 916 facile
3553 837 3801 940 pollet
3839 840 3965 915 de-

449 963 775 1064 pravari.
1114 1019 1119 1024 .
1444 1021 1451 1028 ,

654 1084 1270 1179 Complectamur
1317 1064 1628 1179 paucis,
1684 1105 1875 1179 quae
1928 1082 2020 1157 de
2069 1079 2389 1184 lingulis
2442 1082 2674 1157 huius
2725 1078 3107 1180 prooemii
3156 1080 3504 1176 partibus
3574 1080 3965 1156 observata

448 1202 663 1289 sunt,
718 1202 861 1275 hac
910 1198 1253 1276 verfione
1306 1201 1546 1274 totius
1597 1199 1760 1273 loci
1809 1201 2095 1275 latina:
2151 1203 2766 1300 quandoquidem
2815 1201 3038 1272 multi
3087 1221 3404 1272 manum
3462 1202 3967 1274 admoverunt

449 1320 971 1394 adornandae.
1016 1319 1463 1392 narrationi⁴
1522 1343 1774 1391 rerum
1848 1322 2037 1393 inter
2106 1345 2243 1393 nos
2304 1316 3037 1424 consummatarum,
3125 1317 3385 1416 prouti
3458 1312 3677 1415 (eas)
3756 1316 3968 1392 nobis
4035 1379 4058 1390 ,

427 1429 960 1525 «tradiderunt,
1019 1438 1150 1534 qui
1204 1437 1301 1510 ab
1354 1438 1565 1511 initio
1621 1428 1841 1536 testes
1894 1434 2259 1537 (earum).
2303 1440 2592 1513 oculati
2627 1434 2953 1542 fuerunt
3006 1451 3083 1511 et
3133 1425 3458 1532 ministri
3521 1437 3911 1507 doctrinae
3925 1457 3963 1515 ς

446 1557 628 1632 mihi
679 1559 909 1631 etiam
957 1550 1217 1658 visum
1268 1547 1376 1655 efi
1427 1582 1478 1628 a
1527 1560 1901 1654 principio
1958 1558 2128 1632 inde
2178 1582 2435 1633 omnes
2487 1558 2661 1631 illas
2717 1559 2872 1648 (res
2927 1552 3196 1655 gestas)
3255 1555 3648 1655 diligenter
3715 1547 3964 1655 perse-

448 1691 722 1774 quuto,
781 1677 1121 1772 deinceps
1174 1677 1253 1747 in
1307 1669 1523 1777 usum
1584 1680 1870 1762 Tuum,
1928 1679 2205 1773 optime
2266 1675 2718 1771 Theophile,
2775 1676 3036 1748 litteris
3091 1674 3288 1766 (eas)
3345 1662 3824 1773 confignare,
3881 1684 3971 1745 ut

443 1795 845 1894 veritatem
879 1786 1368 1897 sermonum,
1428 1815 1618 1889 quos
1670 1794 2060 1864 auditione
2113 1781 2514 1890 accepisti,
2592 1792 3100 1865 indubitatam
3178 1784 3677 1893 cognosceres.
3797 1789 3966 1885 Ipsa

444 1937 627 1988 vero
681 1913 926 1987 totius
978 1910 1362 2007 prooemii
1411 1909 1941 2007 interpretatio
1997 1907 2304 1998 docuit,
2373 1910 2599 1984 usum
2675 1908 2841 1986 eius
2909 1929 3111 1983 recte
3162 1906 3328 1981 fieri
3378 1908 3475 1980 ad
3526 1907 3762 1981 haec
3751 1929 3962 2004 pros

446 2033 738 2105 banda:

653 2149 737 2243 1)
812 2138 1056 2245 Testes
1111 2146 1399 2222 oculati
1443 2146 1653 2219 vitae
1705 2137 2065 2245 terrestris
2119 2139 2302 2248 Iesu
2388 2135 2709 2246 Christi,
2786 2163 2861 2221 et
2907 2150 3135 2245 primi
3206 2105 3579 2248 evangelii
3647 2167 3963 2242 praeco·-

348 2277 359 2283 “
442 2291 571 2346 nes
623 2263 1007 2364 (Apostoli
1060 2288 1479 2359 eorumque
1531 2261 1887 2359 discipuli
1922 2280 2001 2342 et
2030 2264 2455 2357 adiutores)
2512 2256 2901 2363 historiam
2967 2257 3238 2365 christi
3277 2257 3761 2367 sermonibus
3797 2259 3965 2367 suis

441 2396 1093 2488 propagaverunt.
1198 2386 1288 2454 V.
1345 2404 1416 2453 2.
1524 2384 1734 2453 Haec
1785 2379 1940 2454 fuit
1992 2379 2500 2484 antiquiffima
2554 2385 2940 2485 evangelii
2992 2383 3507 2485 cognoscendi
3560 2384 3783 2457 ratio.

648 2506 735 2593 Β)
794 2509 923 2577 Ex
978 2499 1087 2571 his
1128 2492 1601 2600 sermonibus
1652 2499 2104 2574 documenta
2155 2503 2601 2612 prodierunt
2653 2505 3135 2603 evangelica,
3194 2495 3455 2600 qualia
3508 2503 3754 2588 multi,
3807 2506 3962 2598 pri·

445 2647 762 2720 usquam
819 2624 1067 2691 Lucas
1107 2610 1511 2718 scriberet,
1570 2616 1838 2689 litteris
1888 2609 2534 2719 consignaverunt.
2589 2626 2678 2694 V.
2740 2643 2807 2695 ι.
2910 2619 3267 2694 Vidimus
3323 2621 3653 2718 quippe,
3725 2621 3960 2693 illud.

446 2745 887 2837 ἐπεχείρησαν
942 2733 1423 2825 ἀνατάξασθαι
1484 2736 1782 2830 διήγησιν
1837 2736 2336 2834 scriptionem
2382 2740 2648 2836 potius
2700 2738 3078 2827 indicare,
3156 2763 3387 2838 quam
3437 2736 3963 2812 narrationem

445 2884 575 2934 ore
625 2858 1006 2929 traditam.
1112 2852 1465 2940 Accedit,
1540 2853 1749 2950 quod
1815 2851 2063 2928 Lucas
2133 2856 2390 2932 verbis
2441 2883 2517 2933 v.
2579 2881 2647 2947 3.
2704 2856 2961 2950 ἔδοξε
3015 2859 3300 2957 napo}
3357 2875 3498 2934 etc.
3550 2857 3730 2932 fatis
3797 2881 3964 2953 per·-

446 2979 699 3074 spicue
752 2974 986 3048 semet
1034 2953 1328 3067 ipsum,
1387 2969 1521 3066 qui
1559 2957 1986 3071 scripturus
2038 2965 2229 3075 effet,
2287 2975 2458 3048 aliis
2512 2976 3015 3074 adiungebat,
3073 2979 3207 3071 qui
3262 2994 3435 3051 ante
3466 2976 3717 3073 ipsum
3752 2977 3960 3051 idem

443 3089 954 3171 instituissent.
1055 3089 1580 3203 Apparetque‚
1636 3088 1775 3160 hnc
1824 3090 2120 3163 ratione
2173 3092 2543 3187 probata,
2598 3091 2946 3192 egregius
2996 3090 3476 3193 fingulorum
3540 3097 3776 3169 huius
3828 3119 3962 3190 pe·

442 3210 647 3283 riodi
698 3206 1229 3279 membrorum
1280 3206 1829 3299 parallelismus
1887 3207 2011 3297 (in
2063 3207 2447 3283 eiusmodi
2497 3211 2862 3306 periodo}
2935 3215 3320 3312 eleganter
3382 3208 3655 3284 structa
3681 3266 3703 3299 ,
3777 3235 3960 3308 qua·-

440 3329 600 3401 lem
648 3326 724 3396 h.
776 3325 832 3397 1.
886 3321 1258 3422 legimus,
1314 3320 1716 3418 interpreti
1764 3324 1966 3396 haud
2039 3326 2635 3423 negligendus),
2719 3315 2811 3402 ut
2860 3328 3071 3425 prior
3120 3355 3293 3427 pars
3370 3329 3785 3428 epodoseos
3841 3329 3953 3419 (v.

424 3447 516 3538 .3‘.
572 3445 708 3519 ubi
760 3449 1008 3516 Lucas
1063 3439 1159 3526 ad
1210 3441 1430 3512 suum
1471 3431 1857 3542 scribendi
1912 3441 2317 3516 confilium
2367 3442 2891 3543 progreditur)
2969 3449 3212 3545 priori
3284 3449 3680 3547 protaseos
3754 3450 3956 3546 parti

439 3594 511 3646 v.
574 3591 639 3640 1.
666 3597 671 3601 ·
686 3556 1099 3666 scriptores
1150 3559 1505 3639 πολλους,
1573 3559 1708 3656 qui
1760 3577 1935 3636 ante
1982 3560 2244 3660 ipsum
2322 3555 2781 3653 exstiterint,
2861 3574 3544 3657 commemoranti,
3614 3570 3954 3666 itemque

433 3707 611 3781 ,pars
686 3679 1104 3782 apodofeos
1185 3674 1551 3775 posterior
1601 3703 1674 3752 V.
1726 3697 1827 3773 4.,
1883 3705 2076 3778 quae
2144 3681 2234 3753 de
2291 3674 2767 3782 sermonibus
2818 3684 3049 3774 dicit,
3123 3687 3404 3785 qmbus
3451 3687 4002 3786 Theophilus‘

438 3802 833 3899 hucusque
883 3796 1278 3872 institutus
1330 3795 1605 3883 fuerit,
1677 3797 1883 3894 parti
1932 3794 2327 3893 posteriori
2402 3803 2791 3896 protaseos
2868 3802 2963 3876 ad
3018 3799 3399 3907 sermones
3465 3805 3950 3918 provocanti,

302 3975 315 3984 .
444 3943 536 3993 ex
588 3919 866 4018 quibus
921 3914 1381 3989 documenta
1433 3915 1568 3987 illa
1620 3942 1755 3988 των
1820 3918 2103 3988 πολλων
2163 3918 2487 3993 oriunda
2539 3918 2725 4009 fint,
2781 3923 3163 3998 concinne
3214 3927 3698 4023 respondeat.

518 4057 524 4063 ·
644 4039 728 4129 3)
788 4036 939 4109 Illa
993 4048 1290 4121 autm,
1348 4058 1540 4131 quae
1594 4061 1653 4105 οι
1720 4035 1973 4106 πολλοι
2032 4037 2296 4109 litteris
2348 4029 3018 4139 confignaverant,
3078 4069 3231 4117 non
3284 4048 3585 4146 integra
3618 4041 3954 4147 fuerunt

439 4157 879 4261 evangelia,
918 4149 1062 4258 sed
1117 4151 1465 4226 breviora
1519 4163 1823 4225 tantum
1876 4155 2362 4244 documenta,
2420 4183 2613 4255 quae
2661 4159 2785 4231 vel
2809 4150 3170 4263 singulas
3248 4154 3606 4260 lusoriae
3680 4154 3949 4261 Christi

390 4289 687 4369 spartes
738 4273 1241 4374 (fragmenta)
1310 4272 1581 4370 paucis
1631 4274 2338 4370 complecterentur,
2415 4278 2554 4349 vel
2588 4270 2877 4352 brevebn
2928 4285 3166 4357 totius
3195 4270 3509 4379 christi
3530 4284 3740 4356 vitae
3773 4305 3943 4355 con-

430 4386 773 4492 spectum
821 4397 934 4467 ita
986 4389 1459 4475 exhiberent,
1516 4403 1603 4461 ut
1649 4393 1723 4462 in
1778 4389 1990 4498 rebus
2038 4395 2427 4489 primariis
2480 4391 3051 4500 acquiescerent.
3117 4401 3454 4487 Etenim,
3507 4418 3596 4474 ut
3630 4418 3940 4492 taceam,

437 4535 525 4582 eo
578 4526 952 4605 tempore,
999 4506 1398 4585 discess‘um
1453 4504 1721 4588 Christi
1772 4535 1868 4582 ex
1918 4510 2038 4584 his
2088 4513 2314 4586 terris
2363 4515 2720 4610 proxime
2765 4515 3212 4615 insequuto,
3263 4543 3422 4617 quo
3472 4542 3723 4616 neque
3759 4543 3944 4615 apo».

433 4623 631 4714 stoli,
682 4653 928 4726 neque
980 4630 1132 4705 viri
1186 4624 1577 4727 apostolici
1629 4605 1974 4720 deess'ent,
2027 4633 2211 4705 viva
2263 4656 2456 4708 voce
2501 4656 2624 4708 res
2671 4630 2949 4733 gestes,
3003 4636 3415 4728 semones,
3464 4637 3621 4712 fata
3675 4634 3952 4710 christi

1042 4845 1093 4892 3

882 4987 899 5034 Ε
