4575 5567
1801 364 1911 392 ·-2
2111 325 2165 413 '5
2367 337 2476 378 ·‘--·

387 547 640 626 Deum
689 537 997 631 pau-‘em'
1033 529 1239 603 inter
1286 525 1646 602 homines
1723 526 2149 601 celebrandi
2170 581 2192 615 ,
2249 544 2364 615 et,
2424 551 2918 626 quaecunque
2996 528 3310 617 faceret,
3335 539 3346 548 ‘
3367 529 3459 602 ad
3512 532 3868 606 volunta-

383 680 547 734 tem
601 653 967 727 Numinis
1027 647 1321 722 Summi
1376 647 1690 742 eiusque
1744 645 2050 720 consilia
2112 645 2697 740 referendino.
2758 670 2844 737 7,
2905 670 3022 736 17.
3079 650 3238 738 13.)
3295 627 3647 747 cogitass'e
3696 651 3882 723 ceh-.
3973 639 3984 645 ⁸

386 773 731 849 scamus.'
858 761 1331 841 Vocabulum
1397 767 1683 862 quippe
1739 794 1947 860 εργα,
2015 781 2424 860 praeeunte
2477 784 2552 837 et
2610 764 2773 860 ipsa
2834 765 2988 851 rei,
3058 765 3149 835 de
3227 791 3374 862 qua
3440 766 3682 837 sermo
3741 764 3866 853 est,

379 913 654 967 natura
680 943 701 975 ,
782 906 859 960 et
908 910 1118 957 nexu
1184 883 1559 956 sermonis
1585 936 1607 969 ,
1683 882 1918 955 modo
1982 883 2216 955 latius
2293 867 2544 978 patet,
2616 885 2852 954 modo
2929 882 3217 956 finibus
3302 880 3863 984 angustioribus

384 1005 1021 1087 circumscribitur
1045 1055 1067 1088 ,
1136 1002 1246 1072 ita
1296 1019 1389 1072 ut
1450 1023 1683 1074 nemo
1768 999 1992 1073 facile
2048 997 2553 1073 demonstrare
2627 996 2844 1096 possit
2863 1054 2884 1087 ,
2957 1001 3255 1100 quoties
3295 997 3639 1075 christus
3703 1001 3865 1097 ipse

373 1159 543 1226 εργα
594 1126 722 1197 fua
750 1119 1561 1204 commemoraverit„
1608 1118 1836 1190 toties
1898 1119 2047 1191 alia
2132 1121 2349 1191 nulla
2424 1136 2719 1215 praeter
2773 1147 3013 1215 σημεια
3065 1144 3151 1190 ac
3203 1148 3454 1216 τερατα
3503 1117 3863 1217 intelligi.
3933 1121 3940 1128 ’

376 1242 751 1328 Sufficiat,
807 1262 1056 1312 unum
1112 1236 1340 1309 illum
1392 1237 1653 1309 locum
1716 1234 2363 1323 commemoraffe,
2438 1236 2575 1333 qui
2627 1263 2689 1308 c.
2745 1243 2831 1310 V.
2887 1261 3000 1308 ev,
3056 1242 3169 1307 Io.
3222 1263 3298 1310 v.
3356 1259 3480 1308 so.
3555 1235 3861 1308 exhibe-

370 1382 542 1436 turz
616 1364 650 1432 ὁ
704 1360 838 1454 γὰρ
911 1356 1131 1450 πατὴρ
1205 1356 1404 1444 φιλεῖ
1465 1353 1585 1427 τὸν
1661 1350 1846 1434 ὖιὸν,
1921 1353 2033 1426 καὶ
2105 1353 2331 1426 πάντα
2418 1357 2741 1425 δείκνυσιν
2813 1357 3048 1443 ἀντῷ,
3104 1353 3150 1423 ἃ
3206 1354 3421 1432 ἂυτὸς
3496 1359 3693 1436 πριεῖ·
3747 1351 3894 1424 καῖ

368 1487 650 1580 μείζονα
702 1473 964 1548 τούτων
1020 1472 1214 1562 δείξει
1268 1476 1464 1561 ἂυτῷ
1516 1472 1721 1567 ἔργα,
1794 1475 1899 1543 ἵνα
1978 1468 2171 1569 ὑμεῖς
2219 1472 2646 1569 θαυμάζητε.
2780 1451 3051 1559 „Pater
3127 1488 3329 1544 amat
3403 1470 3703 1552 filium.
3759 1490 3890 1560 εἰς*

369 1618 917 1696 „quaecunque
965 1589 1127 1686 ipse
1188 1589 1416 1675 facit,
1492 1591 1565 1661 ei
1616 1587 1955 1662 ostendit
2026 1591 2256 1678 (eum
2327 1614 2544 1686 agere
2604 1589 2820 1663 iubet
2879 1575 3345 1686 docetque),
3417 1590 3664 1660 immo
3727 1589 3850 1660 his

371 1717 708 1805 „maiora
778 1731 1004 1805 opera
1084 1708 1157 1778 ei
1224 1708 1616 1790 ostendet,
1692 1708 1802 1776 ita
1876 1722 1985 1778 ut„
2018 1705 2376 1776 miraturi
2440 1701 2679 1777 fitis2“
2791 1706 3104 1802 ,Qualia
3159 1705 3307 1778 fint
3379 1705 3562 1777 haec
3632 1734 3858 1799 εργα

364 1827 691 1925 (maiora
717 1883 738 1918 ,
811 1821 1349 1924 praestantiora
1437 1821 1821 1893 eiusmodi
1904 1819 2430 1893 sanationibus
2525 1839 3012 1918 aegrotorum
3035 1875 3059 1906 ,
3147 1825 3449 1918 qualem
3523 1817 3855 1894 Christus

362 1951 600 2025 modo
646 1944 1100 2044 perfecerat,
1152 1945 1261 2010 Io.
1304 1959 1346 2026 5
1375 1990 1395 2023 ‚
1459 1961 1496 2008 1
1550 1973 1656 1990 —-
1711 1937 1823 2031 9.)
1885 1961 1981 2007 ex
2030 1953 2193 2008 tota
2234 1954 2482 2032 patet,
2538 1961 2727 2033 quae
2785 1938 3167 2033 sequitur,
3224 1938 3644 2016 servatoris
3687 1962 3850 2008 ora·

336 2069 578 2142 tione
616 2092 693 2164 ‚V-
748 2089 838 2135 21
881 2096 987 2113 —-
1035 2080 1158 2154 ⁸9·
1179 2110 1200 2142 ,
1252 2054 1391 2127 ubi
1434 2053 1875 2152 praesertim
1925 2056 2016 2126 de
2072 2050 2435 2148 potestate
2494 2053 2884 2151 loquitur,
2920 2053 3296 2129 divinitus
3333 2054 3484 2160 ‚fibi
3542 2058 3850 2130 deman-
3919 2084 3926 2092 ·

360 2184 580 2270 data,
632 2177 1081 2253 hominibus
1138 2175 1460 2247 salutem
1510 2189 1895 2245 aeternam
1941 2172 2426 2265 procurandi.
2489 2163 2556 2259 ³)
2667 2172 2949 2267 Quodsi
3014 2174 3109 2244 ad
3162 2199 3246 2247 ea
3309 2174 3549 2270 probe
3591 2185 3848 2245 ‘atten-

356 2301 616 2372 dimus
642 2351 662 2382 ‚
720 2319 911 2391 quae
954 2287 1285 2364 Christus
1341 2288 1491 2358 hoc
1539 2286 1708 2380 ipso
1765 2286 2109 2359 sermone
2161 2288 2579 2374 continuO,
2634 2311 2676 2358 a
2713 2288 2935 2362 versu
2986 2289 3168 2362 inde
3218 2313 3338 2387 ¹9·
3395 2287 3565 2385 'cap.
3595 2296 3706 2370 Ὺ.
3755 2290 3848 2364 ad

356 2440 535 2490 eum
588 2436 835 2509 usque,
893 2411 1198 2492 locum,
1276 2404 1366 2477 de
1418 2411 1595 2498 'quo
1660 2427 1875 2476 nunc
1928 2403 2267 2475 maxime
2331 2404 2764 2500 disputatur
2825 2409 2952 2495 (v.
3015 2409 3239 2497 36.),
3319 2409 3666 2480 elocutus
3719 2404 3844 2484 est,

357 2532 717 2606 discimus
759 2525 962 2612 inde,
1001 2541 1193 2619 quot
1243 2539 1320 2593 et
1367 2537 1651 2614 quanta
1691 2521 1961 2593 doctor
1999 2517 2313 2590 divinus
2359 2522 2767 2617 cogitando
2816 2526 3258 2617 complexus
3301 2524 3557 2608 fuerit,
3603 2546 3842 2619 quum
3895 2583 3902 2592 ,

364 2678 583 2747 εργοις
635 2674 675 2720 a
727 2652 945 2718 Patre
992 2640 1134 2714 fibi
1168 2636 1681 2724 demandatis,
1734 2655 1825 2708 ut
1875 2662 1960 2709 ea
2013 2635 2442 2732 perficeret,
2496 2634 3019 2730 testimonium
3072 2641 3481 2738 legationis
3532 2639 3842 2714 divinae

352 2765 586 2840 ineffe
648 2766 966 2849 diceret,
1039 2757 1343 2858 gravius
1421 2760 1785 2827 Ioanneo.
1942 2760 2207 2851 Neque
2285 2756 2496 2828 enim
2577 2753 2669 2827 de
2745 2753 2969 2829 factis
3039 2773 3345 2830 tantum
3410 2756 3850 2860 insignibus

354 2882 727 2983 (σημειοις)
753 2934 775 2966 ,
846 2899 1283 2974 quanquam
1316 2873 1665 2953 ‚omnino
1743 2871 2203 2944 beneficium
2265 2870 2536 2950 Christi
2611 2874 2917 2948 homini
2969 2894 3302 2972 aegroto
3367 2873 3515 2947 die·
3553 2876 3841 2947 sabbati

352 2996 789 3098 praestitum
828 2995 1013 3068 huic
1064 2990 1399 3066 sermoni
1460 2987 1876 3062 servatoris
1925 2989 2406 3086 apologetico
2469 2991 3129 3084 opportunitatem
3203 2992 3836 3088 suppeditaverat,

349 3141 603 3214 neque
653 3116 743 3186 de
798 3115 964 3186 solo
1020 3108 1252 3205 ipfius
1309 3105 1635 3178 docendi
1692 3101 1940 3177 studio
1999 3129 2256 3177 coram
2309 3105 2605 3177 Iudaeis
2658 3104 2914 3201 ipsum
2970 3106 3600 3204 persequentibus
3655 3089 3872 3208 egit(

351 3233 475 3307 sed
531 3228 975 3328 potestatem
1041 3221 1510 3323 potiss'unum
1574 3221 2040 3317 praedicavit
2126 3249 2167 3294 a
2192 3228 2384 3320 „Deo
2456 3240 2667 3319 patre
2728 3219 2868 3295 fibi
2927 3222 3382 3310 concess'am,
3450 3226 3836 3311 homines,
3867 3287 3888 3301 .

348 3367 736 3448 quotquot
795 3347 975 3422 voci
1023 3343 1331 3418 divinae
1382 3364 1594 3413 aures
1648 3340 2178 3435 praebuerint,
2234 3364 2411 3413 cum
2469 3342 2620 3412 hoc
2678 3357 3021 3436 tempore
3098 3344 3194 3414 ad
3263 3367 3522 3416 veram
3596 3344 3840 3418 animi

344 3469 586 3541 vitani
609 3522 629 3555 ,
680 3465 988 3541 veritati
1048 3488 1134 3536 ac
1184 3453 1460 3534 virtuti
1513 3457 2098 3533 consentaneam
2149 3458 2515 3544 ducendi,
2584 3475 2758 3530 tum
2818 3459 3010 3530 olim
3067 3445 3233 3554 post
3300 3478 3632 3560 mortem,
3674 3462 3835 3534 vita

348 3606 647 3658 aeterna
699 3582 1049 3659 donandi·
1102 3582 1512 3682 eademque
1569 3572 1982 3650 feliciffima
2046 3577 2155 3666 (v.
2225 3601 2324 3650 21
2375 3613 2484 3629 -
2540 3578 2736 3672 29.)
2810 3577 3254 3672 Quae'cum
3311 3578 3420 3650 ita
3492 3576 3682 3664 fint,
3742 3581 3874 3654 11--

355 3703 495 3774 lud
564 3703 819 3775 etiam.
862 3704 973 3792 (v.
1038 3703 1193 3790 36.)
1250 3726 1450 3794 εργα,
1520 3694 1565 3764 ἃ
1618 3694 1853 3792 isdum?
1890 3722 2002 3791 μοι
2061 3696 2095 3765 ὁ
2148 3696 2372 3790 πᾶς-ἦρ
2441 3709 2582 3766 etc·
2659 3695 2751 3765 de
2825 3697 2911 3766 iis
2999 3694 3337 3768 omnibus
3407 3696 3832 3794 intelligere

342 3819 648 3903 malim,
729 3843 922 3914 quae
988 3807 1379 3913 Chr-istm,
1440 3828 1812 3910 tanquam
1866 3802 2227 3913 Meffias,
2309 3813 2614 3914 legatus
2687 3837 2780 3884 ac
2836 3806 3062 3911 filius
3136 3816 3327 3900 Dei,
3400 3812 3833 3888 doctrinam

343 3934 909 4009 saluberrimam
959 3933 1463 4031 praedicando
1483 3986 1505 4021 ,
1579 3931 2017 4026 exemplum
2070 3929 2384 4003 virtutis
2450 3936 2618 4003 Deo
2692 3923 3055 4025 probatae
3132 3926 3833 4026 praestantiffimum

506 4224 579 4296 3)
618 4224 755 4287 Cfr.
807 4223 1089 4288 starem
1110 4221 1526 4310 ‘paraphrafis
1572 4236 1640 4283 et
1683 4209 2003 4285 commen·
2175 4218 2314 4284 buli
2361 4237 2524 4305 εργα
2566 4219 2635 4280 in
2673 4215 2882 4282 nostro
2931 4214 3223 4282 sermone
3260 4219 3361 4282 Io.
3396 4228 3462 4296 5,
3509 4218 3612 4295 36.
3656 4235 3834 4281 recte
3899 4253 3906 4258 ψ

340 4322 541 4386 tarius
578 4327 669 4398 ,in
730 4348 834 4389 ev.
898 4328 998 4412 Io.
1065 4327 1278 4412 capita
1325 4340 1405 4403 13
1458 4354 1539 4365 -
1588 4335 1688 4397 17.
1775 4323 1997 4398 Ienae,
2173 4319 2597 4407 intelligenda
2653 4322 2739 4385 V.
2803 4321 3082 4383 Huinoel
3138 4314 3464 4382 recensuit
3525 4320 3595 4379 in
3656 4341 3832 4382 com·

218 4425 225 4430 “
340 4431 524 4502 1814.
571 4426 871 4490 excursus
916 4428 973 4489 Ι.
1014 4449 1083 4511 p.
1133 4443 1231 4487 12.
1276 4423 1343 4487 ff.
1418 4423 1800 4486 'sententias
1837 4442 1995 4514 γει-ο
2172 4438 2371 4508 ment.
2417 4423 2486 4483 in
2529 4422 2732 4486 libros
2793 4422 2881 4488 N.
2935 4425 3015 4482 Τ.
3072 4419 3453 4520 historicos,
3501 4417 3653 4485 vol.
3700 4419 3828 4484 111.

338 4519 770 4613 interpretum
827 4527 1264 4592 divcrfiss'unas
1319 4525 1402 4590 de
1450 4523 1765 4611 potestate
1806 4543 1998 4589 voca·
2169 4522 2386 4606 (Lips-
2450 4522 2668 4601 1825.)
2695 4546 2777 4620 p.
2823 4530 2974 4603 340.
3019 4520 3115 4607 sq-
