4575 5567
2128 395 2796 463 ...3-

722 585 1064 661 cedimus
1117 589 1218 658 D.
1272 587 1956 670 Konmcsmamxo,
2004 571 2078 674 θ)
2133 579 2342 680 apud
2389 579 2797 680 Iosephum
2845 579 3192 683 aliosque
3244 602 3588 666 auctores
3638 588 3868 664 haud
3903 613 4074 667 raro
4128 591 4234 668 de

594 719 607 726 '
718 706 817 780 iis
872 703 1071 792 dici,
1128 703 1265 802 qui
1321 703 1584 784 litteris
1637 699 1688 773 s.
1734 694 2132 818 scriptura
2186 702 2482 802 aliquid
2527 702 2858 779 tradant.
2931 699 3023 778 In
3049 697 3292 779 libris
3333 713 3604 796 autem
3654 699 3834 782 novt
3819 707 4236 814 foederis,

721 826 1020 924 quoties
1074 825 1221 898 hoc
1271 820 1591 897 verbum
1636 819 1764 901 de
1788 819 2265 908 docentibus,
2320 817 2977 923 praecipientibus,
3026 825 3505 899 narrantibus
3556 826 3998 914 adhibetur,
4055 827 4243 901 ubi*
4313 853 4324 865 ·

720 969 869 1044 que
920 939 1021 1016 est
1070 944 1122 1015 i.
1179 966 1250 1036 q.
1304 965 1430 1013 ore
1486 939 1805 1012 tradere.
1916 937 2068 1016 Cfr.
2148 942 2398 1016 Marci
2451 963 2520 1032 7,
2582 965 2700 1031 13.
2764 968 2827 1016 1.
2886 948 3094 1017 Corr.
3174 965 3293 1032 15,
3352 967 3417 1033 3.
3471 948 3561 1018 aL
3609 941 3703 1040 ⁷).
3771 951 3930 1021 Ex
3994 945 4228 1021 indu·

638 1073 657 1088 ”
716 1060 890 1137 stria
942 1067 1189 1132 Lucas
1241 1058 1317 1130 h.
1365 1059 1418 1130 l.
1470 1059 1723 1155 neq'ue
1774 1065 2086 1155 εγραψαν
2139 1059 2440 1156 posuit,
2496 1081 2653 1157 quo
2703 1085 2780 1137 v.
2839 1083 2910 1151 3.
2966 1063 3062 1138 de
3111 1062 3505 1162 semetipso
3557 1063 3734 1136 usus
3771 1061 3870 1138 est
3895 1117 3917 1153 ,
3993 1071 4236 1141 evan-²

664 1217 673 1227 ·
718 1178 1013 1281 galium
1087 1176 1458 1272 scripturo
1487 1229 1508 1265 ,
1593 1199 1843 1273 neque
1913 1178 2230 1251 eandem
2279 1177 2582 1276 phrasin
2636 1181 2984 1269 iteravit,
3041 1203 3298 1278 ¹quaxn
3346 1165 3423 1255 ἢ.
3486 1207 3551 1255 ι.
3623 1183 3956 1281 legimus
4027 1185 4240 1274 (avae

719 1297 918 1369 τασσ.
992 1296 1373 1390 διηγησιύ),
1423 1292 1550 1367 sed
1598 1294 1833 1369 verbo
1886 1301 2321 1394 παραδιδοναι
2373 1298 3040 1395 usurpando-satis
3095 1297 3431 1373 dilucide
3479 1299 3789 1388 docuit,
3845 1309 4246 1374 commate·

696 1405 1048 1488 'secundo
1099 1437 1269 1486 non
1324 1407 1720 1510 scriptores
1772 1415 2155 1515 intelligi,
2214 1417 2342 1489 sed
2395 1441 2565 1506 ece,
2622 1444 2716 1491 ex
2768 1443 3101 1516 quorum
3148 1419 3723 1494 narrationibus
3778 1443 3908 1494 ore
3977 1443 4228 1491 enun-

716 1534 925 1606 tiatis
979 1548 1055 1604 et
1105 1529 1545 1629 ipfiLucae
1617 1551 1694 1607 et
1764 1535 1935 1607 aliis
2008 1532 2445 1610 Christianis
2515 1533 2818 1611 historia
2887 1532 3157 1611 christi
3187 1563 3196 1570 ’
3231 1537 3687 1611 innotuerit.
3810 1538 3920 1611 Hi
3967 1559 4242 1633 porro·

690 1652 1083 1725 dicuntur
1134 1649 1351 1723 fuiffe
1430 1655 1491 1724 ὁι
1543 1651 1658 1722 ἄπ’
1714 1655 1942 1747 ἀρχῆς
1998 1655 2339 1726 αὐτόπται
2394 1685 2506 1725 και
2557 1628 2880 1751 ὑπηρέται
2945 1659 3071 1727 τοῦ
3136 1655 3381 1746 λόγου.
3450 1683 3936 1752 υπηρετης,
4017 1651 4232 1760 quod

714 1770 918 1867 apud
971 1773 1293 1841 Graecos
1343 1769 1653 1864 proprie
1702 1771 1797 1842 de
1850 1793 2127 1868 genere
2179 1769 2512 1867 quodam
2565 1773 2944 1871 remigum
2994 1771 3085 1842 in
3138 1772 3282 1843 usu
3330 1772 3509 1861 fuit,
3564 1775 3702 1871 qui
3752 1774 3841 1845 in
3888 1772 4226 1847 navibus

715 1887 1136 1962 maioribus
1190 1885 1462 1974 effent,
1519 1887 1740 1962 sensu
1788 1888 2048 1990 latiori
2101 1889 2198 1962 ad
2272 1885 2660 1965 ministros
2732 1891 3084 1986 publicos
3159 1893 3619 1963 translatum
3670 1909 3785 1965 oet
3837 1893 3953 1982 (v.
4011 1914 4074 1962 c.
4129 1887 4242 1962 ad·-

716 2022 1099 2079 exactores
1169 2028 1628 2099 poenarum,
1697 2007 1975 2090 Matth.
2052 2027 2143 2094 5,
2220 2028 2342 2094 25.
2416 2025 2492 2078 et
2556 2008 3148 2106 synagogarum
3183 2006 3614 2098 ministros,
3690 2016 3877 2082 Luc.
3933 2025 4008 2102 4,
4063 2009 4244 2106 κιο.)

718 2122 872 2196 Cfr.
942 2120 1040 2194 de
1087 2123 1237 2195 hoc
1301 2145 1474 2196 voc.
1548 2122 1817 2196 selecta
1889 2139 1930 2196 e
2002 2118 2286 2202 scholis
2359 2122 2848 2220 Valquenarii
2920 2126 3016 2196 ad
3077 2125 3321 2197 libros
3385 2128 3763 2222 quosdam
3813 2134 3910 2200 N.
3966 2133 4058 2200 T.
4113 2126 4246 2200 etl-³

718 2237 1302 2340 Wass'enbergh,
1346 2246 1435 2313 T.
1489 2245 1548 2313 1.
1602 2237 2067 2330 (Amstelod.
2109 2231 2371 2334 1815.)
2426 2267 2503 2339 p.
2566 2264 2684 2316 10.
2740 2242 2896 2339 sqq.
2997 2248 3098 2336 111
3147 2240 3366 2314 libris
3415 2250 3515 2315 N.
3573 2249 3663 2315 T.
3717 2246 3814 2316 de
3844 2240 4232 2340 Apostolis

690 2379 1024 2457 ¹quoque
1077 2360 1393 2447 dicitur,
1450 2353 1826 2456 quatenus
1880 2356 2151 2434 Christi
2202 2357 2384 2432 sunt
2432 2355 2793 2447 ministri,
2863 2358 3133 2432 causae
3186 2360 3349 2432 eius
3419 2358 3624 2432 inter
3696 2362 4050 2434 homines
4106 2357 4242 2435 ad-

716 2479 1099 2552 iuvandae
1150 2477 1691 2565 inservientes,
1751 2497 1791 2553 1
1851 2477 2248 2554 Corinthh.
2301 2495 2377 2572 4,
2440 2504 2508 2552 1.
2562 2479 3008 2575 Eodemque
3059 2475 3276 2550 sensu
3324 2479 3401 2551 h.
3456 2478 3511 2551 l.
3567 2474 3942 2572 apostolos
3962 2493 3996 2567 ,’
4063 2479 4235 2552 ‘om-

718 2596 1064 2694 ninoque
1114 2594 1531 2670 familiares
1605 2595 1914 2685 christi,
1993 2596 2130 2693 qui
2182 2593 2415 2668 >testes
2469 2595 2773 2668 oculati.
2821 2596 3027 2667 vitae
3095 2597 3261 2664 eius
3330 2595 3536 2665 inter
3599 2594 3953 2670 homines
4024 2609 4232 2669 actae

626 2753 635 2770 ·
721 2713 1014 2788 fuerint
1043 2767 1063 2799 ,
1121 2709 1752 2810 sermonibusque
1802 2714 1958 2786 suis
2011 2714 2153 2784 hac
2202 2711 2299 2794 de
2348 2735 2430 2784 re
2482 2712 2676 2783 alios
2731 2709 3210 2795 edocuerint,
3267 2737 3607 2805 vmypsws·
3647 2712 4038 2805 appellari,
4096 2712 4242 2786 do-
4313 2747 4344 2754 -

706 2839 884 2918 cet,
942 2831 1151 2927 quod
1202 2827 1548 2901 additur:
1605 2833 1759 2901 τοῦ
1816 2829 2120 2923 λόγου.
2229 2821 2539 2900 Constat
2590 2828 2921 2923 quippe,
2976 2828 3192 2919 λογος
3239 2825 3332 2900 in
3383 2831 3480 2899 N.
3539 2833 3630 2902 T.
3683 2845 3760 2900 et
3798 2829 4041 2924 ipsam
4075 2829 4240 2904 dici

727 2948 1160 3024 doctrinam
1195 2946 1545 3022 divinam
1581 2946 1865 3064 (Marci
1900 2971 1971 3035 ιι,
2026 2970 2098 3020 2.
2136 2962 2210 3039 4,
2271 2965 2389 3040 14.
2442 2952 2629 3018 Luc.
2663 2970 2778 3022 ev.
2819 2965 2887 3033 5,
2949 2967 3015 3019 ι.
3055 2945 3255 3020 Actt.
3294 2947 3363 3031 6,
3401 2947 3519 3039 4.)
3555 2963 3633 3019 et
3665 2943 4237 3021 institutionem

728 3067 959 3140 huius
995 3066 1411 3154 doctrinae,
1445 3065 1645 3138 Actt.
1685 3083 1761 3159 4,
1815 3084 1887 3158 4.
1921 3072 2038 3147 Jo.
2081 3087 2201 3155 17,
2259 3090 2381 3138 no.
2434 3064 2908 3161 Argumenta
2942 3066 3160 3158 plura
3198 3061 3552 3137 obstant
3526 3065 3628 3138 iis
3659 3065 4233 3160 interpretibus,

727 3183 1198 3286 ςιιίλογου
1250 3185 1322 3257 h.
1356 3186 1411 3256 l.
1446 3185 1656 3291 idem
1706 3179 1844 3253 ess'e
1896 3177 2352 3281 existimant,
2407 3178 2618 3273 quod
2666 3206 3230 3274 πραγματων
3307 3180 3420 3266 (v.
3482 3178 3625 3268 1.),
3674 3177 3789 3248 ad
3817 3192 4237 3277 utrum-que

614 3339 635 3356 τ
726 3299 1303 3388 substantivum,
1350 3316 1427 3373 et
1461 3315 1798 3390 aurora-m
1825 3313 1901 3370 et
1937 3326 2283 3394 υπηρεται,
2321 3295 2469 3370 hoc
2498 3283 2732 3367 modo
2766 3294 3290 3368 referendum.
3332 3296 3468 3430 qui
3509 3295 3603 3366 ab
3638 3295 3878 3368 initio'
3915 3295 4242 3371 fuerunt

728 3418 943 3498 testes
996 3419 1284 3493 oculati
1334 3419 1606 3494 harum
1657 3441 1945 3489 rerum
1963 3412 2372 3514 gestarum,
2444 3429 2670 3510 atque
2722 3413 2910 3487 socii
2963 3412 3054 3503 (i.
3114 3438 3185 3510 q.
3241 3412 3392 3509 qui
3430 3431 3676 3510 partes
3729 3417 4095 3510 quasdam
4146 3417 4237 3489 in

608 3558 612 3564 '
680 3559 695 3616 “,
729 3541 850 3614 his
903 3537 1129 3612 rebus
1184 3537 1532 3638 gerendis
1583 3515 2077 3625 habuerunt.)
2148 3539 2352 3606 Nam
2367 3532 2743 3632 primum
2796 3532 3157 3628 quidem,
3212 3528 3269 3604 fi
3320 3528 3772 3630 evangelista
3826 3531 3962 3604 sub
4016 3535 4252 3626 λογον·

729 3661 866 3733 illa
918 3681 1293 3755 πραγματα
1343 3655 1842 3753 intelligeret,
1892 3676 2351 3740 numerum,
2407 3650 2729 3746 opinor,
2765 3652 3156 3752 pluralem
3205 3677 3341 3722 των
3394 3652 3620 3742 λογων
3690 3653 3968 3724 rectius
4024 3651 4237 3724 adhi-

731 3772 1025 3850 buiss‘et.
1149 3773 1452 3849 Deinde
1524 3798 1692 3846 non
1766 3769 2127 3856 dixerim,
2208 3765 2759 3843 substantivum
2830 3771 3043 3862 λογος
3093 3793 3439 3864 unquam
3507 3769 3595 3841 in
3646 3775 3743 3840 N.
3801 3775 3890 3843 T.
3947 3795 4044 3878 ex
4095 3765 4238 3841 usu

732 3893 1067 3971 hebraici
1116 3898 1281 3969 ''1:'7
1334 3917 1475 3989 pro
1528 3919 1812 3989 πραγμα
1877 3888 2317 3984 simpliciter
2369 3884 2508 3960 effe
2580 3881 2931 3985 positum.
3005 3892 3572 3985 Quaecunque
3645 3885 3923 3962 adferri
3993 3887 4244 3964 solent

912 4129 989 4204 6)
1036 4131 1179 4195 cfr.
1244 4132 1750 4194 Koamosmauu
1805 4129 2086 4214 prolufio
2135 4129 2214 4191 de
2259 4130 2408 4195 fon·
2576 4124 2803 4211 gendi,
2852 4147 3052 4209 quum
3093 4124 3362 4201 Moses,
3430 4146 3598 4210 quae
3640 4126 3921 4210 primum
3981 4121 4239 4188 civibus

746 4233 922 4295 tibus
968 4234 1582 4296 commentariorum
1626 4229 1969 4306 sacrorum,
2016 4232 2132 4316 qui
2175 4233 2404 4294 Lucae
2573 4225 2707 4289 suis
2753 4226 3065 4314 loquen‘do
3108 4220 3577 4312 praecepisset,
3624 4226 3898 4302 (deinde
3944 4247 4024 4286 ex
4049 4239 4262 4314 parte,

741 4355 979 4400 nomeu
1024 4336 1444 4419 praeferunt,
1490 4334 1811 4409 Altonae,
1860 4340 2042 4415 1798.
2089 4354 2157 4416 p.
2202 4331 2267 4392 6.
2310 4328 2401 4415 sq.
2577 4327 2839 4414 quidem
2902 4327 3499 4413 litteris·prodita,
3567 4343 3636 4391 et
3698 4328 3777 4390 ab
3829 4346 3958 4387 una
4017 4339 4236 4388 aetate

909 4437 988 4512 7)
1044 4436 1282 4522 Neque
1344 4441 1528 4500 locus
1606 4436 1919 4506 Actorum
1986 4433 2050 4511 6,
2090 4437 2215 4512 '14-
2281 4419 2407 4506 (τὰ
2578 4430 2661 4492 ad
2704 4436 2967 4493 alteram
3007 4431 3433 4517 propagata),
3498 4444 3675 4491 recte
3722 4425 3855 4486 dici
3914 4422 4121 4509 poffet
4163 4425 4239 4488 iu

742 4523 866 4620 ἔθη
895 4578 912 4604 ,
964 4527 1009 4597 ἃ
1058 4530 1440 4623 παρέδωκεν
1483 4528 1648 4623 ἡμῖν
1706 4530 2033 4616 Μωῦσῆς)
2078 4533 2410 4606 neceffita·
2575 4531 2758 4595 usum
2800 4529 3195 4617 posterorum
3240 4532 3685 4620 omnium·ore
3725 4524 4077 4591 tradidisse.
4163 4521 4190 4554 ³
4243 4533 4260 4540 ”

746 4654 879 4732 ‘W
924 4638 1137 4704 adfert
1178 4640 1365 4704 verbi
1408 4630 1848 4725 παραδιδοναι
1912 4637 2101 4700 aliter
2164 4636 2409 4716 intelli·
