4575 5567
380 558 600 642 effata
620 614 643 650 ‚
696 575 789 634 ut
834 556 1021 631 haec
1070 549 1443 630 sententia
1493 547 1902 648 probetur,
1947 533 2019 640 ⁸)
2075 569 2172 622 ex
2222 568 2311 620 ea
2358 542 2718 620 vocabuli
2766 538 3129 640 potestate
3149 596 3172 632 ,
3228 567 3376 643 qua
3431 544 3886 638 orationem,

376 684 854 765 sermonem,
905 672 1429 748 narrationem
1480 668 1745 746 innuit
1770 718 1793 749 ,
1846 664 2185 764 intelligi
2235 681 2446 738 recte·
2488 659 2801 760 poss‘unt
2843 655 2936 757 ⁹).
3055 665 3412 761 Denique
3475 690 3642 739 non
3708 679 3889 762 'pro-
3992 755 3997 764 Ι

328 802 644 874 tatum
736 793 875 885 est,
971 818 1300 889 υπηρετην
1394 790 1546 863 dici
1612 785 1861 885 poss'e,
1951 784 2088 882 qui
2145 778 2402 886 socius
2455 780 2718 881 fuerit
2784 782 2871 854 in
2945 805 3026 853 re
3100 784 3467 881 gerenda,
3562 805 3648 856 ac
3719 800 3886 858 tota

371 914 677 1018 phrafis
759 938 1218 1010 υπηρετης
1309 934 1435 980 του
1524 908 1782 1000 λογου,
1885 904 2024 976 hoc
2094 893 2335 1004 sensu
2420 900 2850 987 intellecta,
2964 899 3341 996 exemplis
3431 898 3884 977 destituitur.

369 1043 666 1115 Immo,
722 1026 1366 1130 quemadmodum
1396 1026 1511 1099 ad
1561 1047 1835 1100 vocem
1899 1048 2239 1095 αυτοπται
2295 1044 2391 1092 ex
2440 1046 2515 1094 v.
2577 1043 2643 1092 1.
2702 1017 3252 1116 supplendum
3288 1014 3387 1098 est
3437 1049 3881 1119 πραγματων,
3913 1009 3922 1014 “

276 1135 285 1148 ’
370 1154 481 1226 ita
532 1179 658 1227 του
708 1153 926 1242 λογου
979 1149 1071 1221 ad
1130 1145 1381 1230 solum
1429 1167 1602 1219 voc.
1659 1167 1980 1240 υπηρεται
2053 1137 2541 1238 grammatice
2593 1134 3117 1210 referendum:
3201 1137 3340 1233 qui
3413 1134 3627 1212 testes
3706 1165 3885 1214 ocu-

365 1269 509 1345 lati
563 1271 873 1362 (harum
921 1259 1206 1363 rerum)
1288 1262 1645 1351 fuerunt,
1701 1278 1779 1333 et
1829 1254 2157 1338 ministri
2207 1253 2601 1336 doctrinae
2656 1254 2708 1328 s.
2763 1233 3271 1328 institutionis
3342 1255 3724 1345 divinae,·
3768 1257 3885 1332 εντ’

368 1385 637 1486 ἀρχῆς,
689 1388 743 1460 i.
797 1411 868 1481 q.
922 1383 1015 1458 ab
1069 1407 1161 1457 eo
1212 1381 1394 1484 infla
1447 1400 1829 1479 tempore,
1907 1401 2065 1475 quo
2135 1372 2465 1449 Christus
2520 1377 2772 1472 p‘alam
2822 1371 3244 1474 prodierat-
3282 1371 3554 1448 doctor
3625 1375 3876 1449 homi-

360 1530 558 1581 num
609 1522 687 1579 et
738 1504 1093 1577 servator.
1199 1500 1456 1574 Aliam
1507 1497 1819 1596 quidem
1870 1495 2273 1572 commatis
2328 1494 2639 1567 secundi
2689 1491 3247 1589 interpretandi
3298 1492 3678 1566 rationem
3727 1521 3876 1569 nu-

360 1623 690 1724 perrime
739 1613 830 1695 Vi
901 1626 1216 1694 Hoetua
1286 1616 1664 1692 defenditz
1798 1616 2254 1714 Einleitung
2322 1616 2399 1683 in
2471 1614 2594 1685 die
2658 1609 3044 1711 «Schriften
3115 1610 3244 1683 des
3297 1613 3400 1684 N.
3463 1617 3550 1684 T.
3616 1617 3701 1685 T.
3759 1621 3873 1690 ΙΙ.

328 1743 436 1818 ‘m
495 1735 883 1839 Auflage,
946 1746 1358 1837 stuttgart.
1397 1737 1552 1808 und
1611 1733 2044 1834 Tfibingen,
2107 1751 2332 1820 1321.
2385 1755 2460 1826 p.
2518 1751 2690 1803 121.
2746 1725 2827 1803 ss'.
2898 1724 3296 1806 Existimat
3338 1730 3649 1828 quippe,
3702 1731 3873 1805 sub·

357 1860 752 1934 intellecto
807 1859 921 1932 ad·
950 1857 1274 1930 verbum
1322 1856 1697 1948 παρεδοσαν
1751 1846 2219 1924 substantivo
2262 1850 2704 1942 διηγησιν,
2757 1849 3191 1944 παραδιδοναι
3243 1847 3320 1918 h.
3358 1849 3413 1918 l.
3461 1873 3639 1922 eum
3684 1849 3863 1938 dici,

357 1978 501 2075 qui
552 1977 768 2052 alteri
818 1971 1117 2071 aliquid
1166 1968 1682 2046 adhibendum
1732 1985 1810 2042 et
1846 1962 2387 2066 'possidendum
2438 1967 2686 2038 tradat
2738 1966 2864 2057 (in
2915 1989 3194 2052 manus
3239 1961 3509 2042 ‘veluti
3578 1969 3862 2059 tradat)
3924 1984 3937 2004 ⁸

356 2095 707 2192 eruitque
777 2117 872 2166 ex
918 2092 1043 2165 his
1092 2096 1347 2165 Lucae
1398 2087 1653 2164 verbis
1716 2081 2242 2161 testimonium
2262 2138 2286 2172 ,
2358 2109 2514 2182 quo
2566 2085 2823 2180 palam
2872 2081 3044 2170 fiat,
3102 2108 3344 2181 quum
3371 2088 3619 2159 Lucas
3656 2109 3864 2160 com-

348 2210 819 2294 mentarium
873 2211 1096 2284 suum
1144 2208 1422 2281 litteris
1477 2203 2052 2301 confignaturus
2104 2199 2324 2289 ess'et,
2378 2203 2836 2290 documenta
2887 2203 3044 2274 iam
3111 2197 3427 2273 exsunfl‘
3420 2227 3460 2274 e
3539 2226 3865 2302 evange·

349 2330 508 2406 lica
558 2330 653 2400 ab
703 2329 809 2398 iis
854 2325 1261 2434 perscripta
1285 2373 1308 2409 ,
1387 2321 1527 2418 qui
1572 2320 1777 2398 inter
1823 2320 2119 2419 primos
2171 2316 2406 2394 ess'ent
2454 2315 2726 2393 Christi
2793 2318 3259 2415 discipulos,
3334 2315 3698 2418 testesque
3747 2348 3864 2399 re·

348 2469 531 2520 rum
583 2440 971 2544 gestarum
1006 2443 1374 2515 oculatos.
1478 2440 1955 2512 Sententiam
2001 2445 2256 2512 Lucae
2307 2439 2449 2510 hac
2482 2436 2783 2512 ratione
2813 2438 3183 2534 explicat.
3238 2423 3860 2537 quandoquidem

290 2563 617 2638 multi·
637 2555 1172 2647 instituerunt,
1223 2581 1478 2629 rerum
1530 2552 1901 2656 gestarum
1921 2609 1944 2645 ,
2000 2558 2091 2631 de
2143 2555 2425 2655 quibus
2477 2556 2683 2628 inter
2730 2579 2879 2629 nos
2933 2550 3245 2641 constat,
3301 2553 3695 2646 historiam
3727 2560 3859 2660 litf
3979 2623 3998 2642 ,

345 2679 532 2752 teris
585 2678 1035 2777 consignare
1059 2728 1082 2765 ,
1154 2676 1457 2775 qualem
1511 2673 1944 2773 (scriptam)
2000 2677 2106 2763 ii,
2166 2678 2297 2773 qui
2349 2674 2445 2746 ab
2497 2677 2715 2750 initio
2771 2664 2983 2771 testes
3051 2675 3337 2746 oculati
3387 2689 3464 2748 et
3509 2657 3859 2750 admini-
3917 2749 3920 2754 ,
3977 2667 3987 2677 ’

332 2787 481 2896 firi
532 2788 1019 2894 institutionis
1053 2790 1325 2897 fuere,
1379 2792 1598 2867 nobis
1651 2797 1729 2866 in
1780 2817 2049 2867 manus
2116 2793 2654 2867 tradiderunt.-
2722 2798 3070 2892 Ingenue
3140 2810 3398 2866 tamen
3419 2793 3853 2891 profiteor,

345 2930 842 3013 argumenta,
897 2907 1179 3010 quibus
1229 2911 1364 2985 Vir
1414 2906 1947 2983 eruditiffimus
1996 2907 2502 2983 neceffitatem
2535 2911 2765 2984 huius
2798 2911 3463 3005 interpretationis
3505 2915 3855 2992 evincere

341 3026 677 3118 studeat,
728 3029 926 3103 mihi
977 3028 1291 3128 quidem
1340 3052 1508 3101 non
1562 3019 1912 3100 sufficere.
2016 3027 2427 3101 Rationem
2498 3026 2858 3100 idoneam
2927 3024 3323 3102 desiderari
3400 3031 3629 3120 dicit,
3705 3032 3854 3110 nist

190 3163 207 3172 ·
341 3149 576 3224 verba
626 3148 768 3222 hac
837 3146 1140 3218 ratione
1202 3146 1592 3220 intellecta
1660 3144 1996 3233 fuerint,
2068 3168 2300 3242 quare
2363 3150 2611 3218 Lucae
2690 3119 3095 3218 confilium
3169 3144 3394 3217 suum
3464 3151 3852 3250 evangelii
3919 3235 3924 3238 .

256 3305 263 3312 =
338 3260 726 3339 scribendi
777 3255 1297 3364 excusandum
1346 3286 1438 3333 ac
1487 3255 2039 3362 defendendum
2088 3262 2520 3356 putaverim
2570 3259 3040 3358 liquidem,
3015 3286 3301 3359 quum
3368 3262 3528 3360 ipse
3601 3272 3850 3343 Lucas

340 3375 689 3456 minister
738 3376 917 3454 ess'et
964 3377 1345 3479 evangelii
1400 3376 1695 3469 (socius
1747 3394 1823 3450 et
1873 3373 2164 3452 amicus
2214 3377 2516 3508 Pauli),
2573 3379 2901 3452 omnino
2954 3403 3123 3452 non
3193 3381 3532 3473 haberet,
3611 3386 3845 3483 quod,

218 3529 225 3536 ·
338 3497 778 3576 institutum
830 3497 1056 3571 suum
1108 3497 1601 3583 defensurus,
1654 3496 1751 3569 ad
1803 3497 2146 3591 exempla
2197 3525 2334 3568 των
2351 3497 2678 3567 πολλων
2742 3496 2916 3594 (qui
2964 3513 3262 3595 praeter
3314 3491 3526 3597 testes
3580 3506 3844 3580 ocula·

343 3631 463 3692 tos
515 3615 808 3716 aliquid
860 3616 950 3691 de
1000 3610 1305 3692 historia
1361 3610 1628 3689 christi
1676 3614 1955 3687 litteris
2007 3612 2544 3709 prodidiffent)
2597 3634 3089 3711 provocaret,
3141 3615 3287 3692 nifi
3343 3620 3841 3716 observantia,

338 3759 493 3834 qua
543 3739 791 3810 Lucas
842 3736 1021 3809 illos
1076 3761 1469 3819 αυτοπτας,
1526 3755 1939 3829 eorumque
1991 3733 2383 3831 evangelia
2434 3749 2606 3806 tum
2657 3735 3026 3831 temporis
3077 3719 3235 3811 iam
3286 3738 3486 3814 edita
3538 3744 3841 3830 coleret,

339 3853 676 3949 aliquam
726 3850 1113 3925 eiusmodi
1165 3848 1675 3924 excusationis
1726 3848 2259 3922 necessitatem
2310 3849 2451 3947 ipfi
2501 3851 2875 3948 scripturo
2930 3852 3336 3929 attuliss'et:
3405 3856 3605 3954 Quid
3653 3883 3842 3934 vero

338 3967 477 4058 est,
533 3970 747 4068 quod
793 3993 943 4044 nos
991 3966 1300 4058 iubeat,
1357 3991 1549 4067 quae
1598 3973 1686 4056 V.
1744 3988 1814 4057 3.
1870 3966 2281 4066 legunturz
2338 3970 2531 4061 εδοξε
2582 3973 2788 4070 κᾶμοι
2838 3985 2977 4045 etc.
3083 3974 3326 4047 Verba
3390 3992 3658 4071 putare
3710 3965 3838 4053 α’-

510 4269 587 4348 8)
630 4275 771 4339 cfr.
809 4274 1048 4356 Wam.
1092 4274 1295 4340 clavia
1336 4273 1424 4339 N.
1470 4274 1550 4336 Τ.
1596 4272 2000 4362 philplogica
2176 4294 2234 4353 ι,
2276 4281 2384 4354 45.
2426 4274 2546 4339 ubi
2585 4261 2870 4362 phi-asia:
2930 4268 3366 4366 διαφημίζειν
3425 4259 3548 4342 stov
3583 4221 3836 4365 θλόγον,

334 4395 419 4460 pv
462 4380 614 4451 524.
675 4378 1284 4439 Bnnoescnnmnm
1358 4375 1627 4439 lexicon
1690 4379 1989 4438 manuale
2170 4377 2248 4440 ad
2295 4377 2492 4444 verba
2535 4377 2990 4442 antecedentia
3052 4368 3405 4466 κηρύσσειν
3465 4373 3699 4444 πολλὰ
3745 4389 3839 4448 ita

347 4475 421 4535 in
465 4474 669 4537 libros
711 4477 796 4542 N.
844 4475 927 4539 T.
974 4475 1058 4537 T.
1104 4478 1193 4542 ΙΙ.
1238 4498 1303 4562 p.
1349 4483 1456 4551 98.
2167 4480 2489 4555 refertur,
2535 4494 2610 4542 ut
2653 4470 2855 4560 λογος
2895 4479 3074 4543 haud
3139 4480 3338 4547 dubie
3404 4489 3838 4550 narrationem

509 4574 585 4657 9)
671 4574 752 4637 Id
839 4582 1035 4643 etiam
1120 4581 1297 4642 valet
1382 4576 1463 4641 de
1540 4580 1693 4643 loco
1784 4579 2001 4642 Marci
2100 4667 2115 4674 μ
2173 4578 2217 4642 s.
2259 4577 2803 4668 praeciicationem
2849 4579 3119 4645 indicet.

3057 4705 3120 4773 B
