4575 5567
1748 311 2418 383 ...9.-

188 533 205 542 -
242 584 261 596 ⁸
330 504 547 578 tione
609 495 974 595 probata,
1065 485 1472 588 praeterito
1542 513 2031 589 μεμαρτυρηκε
2078 488 2249 563 vim
2338 485 2413 560 ei
2485 481 2875 598 propriam
2949 486 3244 586 egregie
3291 488 3822 566 .vindicamus.

329 625 597 715 Neque
648 615 735 687 in
788 639 877 686 eo
932 606 1441 695 offendimus,
1496 609 1709 706 quod
1755 613 1924 680 no'n
1976 619 2288 704 pateat,
2367 628 2521 701 quo
2578 604 2794 677 sensu
2846 630 2930 676 ac
2980 605 3144 677 iure
3196 607 3464 678 doctor
3514 604 3826 679 divinus

331 739 425 811 de
475 736 627 809 hoc
677 749 981 805 tantum
1031 725 1467 802 testimonio
1489 780 1511 813 ,
1584 726 1671 797 in
1725 725 2096 822 scriptura
2148 724 2348 797 sacra
2399 729 2490 797 V.
2546 728 2635 795 T.
2704 719 3073 811 exstante,
3157 748 3410 820 neque
3477 725 3667 798 item
3735 726 3829 797 de

328 853 524 940 ino,
596 850 804 954 quod
872 876 1059 946 εργα·
1108 845 1239 918 sua
1311 845 1721 918 exhibeant
1775 846 1884 936 (v.
1934 846 2071 935 36)
2145 843 2463 929 dixerit,
2553 841 2805 937 ipsum
2891 845 3148 914 Deum
3215 858 3513 938 patrem
3595 844 3850 917 huius·
3897 887 3912 896 =
4047 867 4054 880 ⁵

330 995 715 1072 μαρτυριας
781 963 919 1039 ess‘e
980 981 1369 1038 auctorem
1391 1017 1413 1050 ,
1489 980 1857 1062 tanquam
1922 960 1980 1035 fi
2048 937 2229 1036 baec
2295 962 2840 1057 prophetarum
2891 956 3111 1032 effata
3162 961 3437 1034 maiori
3487 960 3831 1060 magisve

330 1088 726 1186 perspicua
778 1081 1197 1183 gauderent
1264 1082 1715 1154 auctoritate
1766 1077 2065 1156 divina,
2170 1081 2423 1154 Facile
2473 1078 2689 1152 enim
2738 1079 2924 1151 haec
2977 1078 3357 1151 dubitatio
3426 1078 3829 1166 evanescit,

332 1203 389 1280 fi
438 1203 673 1279 modo
726 1199 1393 1299 perpenderimuS,
1449 1195 1766 1274 effatum
1816 1195 2106 1286 Christi,
2163 1200 2373 1296 quod
2419 1223 2496 1272 v.
2556 1218 2677 1288 37.
2733 1193 2986 1284 exstat,
3037 1221 3209 1269 non
3262 1195 3529 1270 debere
3586 1199 3838 1294 (quod

332 1322 573 1421 vulgo
625 1321 1075 1416 interpretes
1128 1316 1463 1408 faciunt,
1518 1318 1654 1417 qui
1702 1320 1902 1391 hanc
1955 1318 2048 1391 de
2096 1346 2438 1417 μαρτυρια
2486 1342 2564 1390 v·
2626 1336 2745 1407 37.
2791 1333 3384 1390 commemorata
3429 1314 3837 1413 persuafio·

250 1495 265 1506 ,
331 1444 516 1514 ne'm
565 1438 765 1512 mihi
816 1462 1126 1534 quoque
1175 1437 1584 1535 probatam
1631 1437 2090 1534 sequuntur)
2146 1437 2239 1509 ab
2295 1460 2409 1523 eo,
2466 1434 2678 1532 quod
2726 1434 3081 1531 proxime
3132 1435 3537 1521 antecedit,
3592 1436 3701 1507 ita
3726 1435 3837 1507 se·-

335 1555 605 1657 iungi',
684 1574 774 1628 ut
825 1551 1154 1629 christus
1205 1555 1329 1629 his
1380 1556 1636 1630 verbis
1688 1549 2007 1657 prorsus
2065 1556 2283 1628 aliud
2330 1552 2746 1653 legationis
2801 1553 2977 1627 suae
3046 1549 3379 1628 coelestis
3435 1577 3838 1653 argumen·
3939 1595 3960 1616 ι

334 1692 511 1749 tum
560 1671 954 1771 protuliss'e
1005 1669 1490 1758 existimetur.
1595 1679 1847 1745 Immo
1898 1675 2169 1746 verba:
2225 1675 2339 1743 καὶ
2397 1675 2430 1744 ὁ
2483 1677 2780 1769 πέμψας
2817 1701 2902 1768 με
2937 1671 3160 1768 πατὴρ
3199 1668 3418 1751 ain-65
3462 1691 3603 1744 etc.
3661 1697 3842 1742 cum

336 1818 413 1867 v.
473 1793 598 1883 36.
654 1817 745 1866 eo
794 1815 1007 1864 nexu
1059 1790 1468 1876 cohaerent
1515 1791 1800 1863 intimo
1823 1842 1844 1876 ,
1918 1791 2059 1886 qui
2104 1789 2293 1863 haec
2348 1790 2612 1862 omnia
2686 1814 2843 1861 una
2894 1790 3309 1885 eademque
3361 1775 3839 1887 argumenta·

335 1909 577 1985 tione-
609 1910 1152 2006 complectitur
1201 1906 1605 1982 continua.
1734 1913 2197 2005 Quanquam
2248 1908 2459 1979 enim
2509 1904 2712 1979 facta
2764 1923 2842 1979 et
2894 1930 3119 2003 opera
3174 1909 3590 1979 servatoris
3649 1903 3844 2004 (εργα

338 2011 474 2118 eo,
547 2052 780 2126 quem
849 2025 1071 2122 supra
1145 2025 1522 2114 diximus,
1596 2024 1815 2099 sensu
1880 2024 2428 2126 intelligenda)
2481 2023 2859 2124 legationi
2909 2024 3075 2097 eius
3128 2022 3438 2100 divinae
3492 2047 3843 2120 compro-

337 2129 633 2220 bandae
683 2143 1010 2218 omnino
1066 2145 1225 2216 iam
1273 2169 1412 2242 per
1448 2136 1544 2246 se
1596 2136 1953 2246 spectata
2002 2143 2521 2217 inserviebant
2535 2169 2561 2228 3
2614 2143 2764 2216 hoc
2795 2159 3053 2217 tamen
3085 2145 3288 2231 loco,
3343 2168 3586 2241 quum
3629 2143 3845 2215 Chri·
3911 2157 3916 2162 ’

338 2260 493 2340 stus
561 2261 658 2338 ad
705 2262 1025 2335 Iudaeos
1091 2263 1575 2357 loqueretur,
1625 2259 2158 2332 auctoritatem
2212 2258 2589 2331 summam
2637 2257 3047 2356 scripturae
3096 2267 3187 2334 V.
3246 2266 3336 2332 T.
3387 2261 3842 2347 tribuentes»,

341 2377 625 2475 eosque
692 2373 1163 2474 legationem
1226 2373 1465 2471 ipfius
1540 2376 1887 2451 divinam
1954 2379 2357 2480 agnoscere
2425 2380 2824 2465 nolentes,
2904 2403 3098 2476 quos
3175 2401 3270 2450 ex
3320 2380 3450 2452 sua
3502 2380 3845 2475 ipsorum

341 2491 813 2593 persuafione
864 2489 1192 2565 refutare
1243 2490 1771 2579 constituerat,
1826 2496 1913 2567 id
1960 2492 2434 2592 potissimum
2485 2494 2869 2593 agendum
2919 2498 3246 2592 putavit,
3300 2513 3389 2568 ut
3438 2495 3538 2567 iis
3594 2512 3845 2568 osten·

344 2616 593 2699 deret,
649 2640 759 2707 ,ερ
787 2638 900 2702 γα
933 2602 1127 2712 sua,
1178 2604 1612 2713 scripturae
1674 2615 1775 2684 V.
1862 2616 1948 2686 T.
2024 2605 2372 2713 Meffiam
2421 2608 2794 2716 futurum
2863 2616 3194 2687 innuenti
3247 2625 3322 2687 et
3370 2616 3888 2710 praedicanti·

347 2742 830 2826 comparata,
902 2718 1409 2826 testimonium
1471 2753 1641 2834 pro·
1687 2734 2141 2804 auctoritate
2213 2757 2356 2805 sua
2397 2744 2473 2804 et
2523 2732 2900 2833 legatione
2949 2723 3243 2831 c'oelefiz·
3296 2731 3391 2805 ab
3446 2727 3614 2835 ipso
3671 2739 3863 2806 Deo¹

346 2847 763 2924 exhibitum
814 2848 1192 2919 continere
1245 2839 1913 2947 luculentiffimum.
2019 2850 2365 2924 Docebat
2413 2848 2770 2936 Iudae03,
2837 2843 2933 2954 se
2959 2849 3213 2951 factis
3252 2845 3422 2953 suis
3472 2831 3845 2948 operibus-

348 2989 492 3065 que
537 2959 882 3066 profecto
930 2963 1175 3035 talem
1209 2959 1301 3065 se
1348 2989 1647 3065 gerere,
1703 2967 2007 3063 qualem
2052 2967 2465 3068 prophetae
2531 2976 2630 3040 V.
2696 2974 2780 3039 T.
2836 2961 3450 3072 adumbraffent,
3505 2965 3848 3042 Meffiam

348 3104 427 3160 et
476 3087 951 3156 Set-vaterem
1019 3080 1400 3156 divinitus
1474 3084 1572 3155 ad
1640 3083 1997 3156 homines
2046 3082 2373 3157 miffum.
2459 3084 2702 3188 ‘Illius
2775 3082 3017 3181 igitur
3092 3084 3505 3159 testimonii
3573 3088 3846 3174 divini,

350 3202 563 3301 quod
612 3198 895 3295 partim
949 3195 1172 3292 supra
1222 3223 1299 3272 v.
1361 3221 1487 3289 32.
1543 3200 1941 3274 innuerat:
1990 3199 2237 3279 Ιἰιῖλλος
2278 3201 2468 3274 ἐστὶν
2524 3204 2558 3273 ὁ
2629 3208 2990 3300 μαρτυρῶν
3064 3192 3232 3298 περῖ
3267 3203 3431 3303 ἐμοῦ
3491 3206 3623 3294 (ne
3679 3207 3850 3301 quis

351 3319 751 3405 obiiceret,
822 3312 1057 3388 fidem
1118 3313 1258 3388 fibi
1308 3334 1709 3413 propterea
1761 3318 2288 3416 denegandam
2340 3315 2520 3405 ess‘e,
2592 3319 2804 3416 quod
2852 3321 3012 3417 ipse
3062 3321 3152 3393 in
3205 3321 3416 3394 causa
3471 3323 3596 3394 sua
3634 3317 3852 3422 solus

351 3434 554 3512 testis
607 3430 1034 3532 prodiiffet)
1056 3486 1081 3519 ,
1154 3431 1440 3530 partim
1505 3459 1581 3509 v.
1660 3438 1780 3524 36.
1853 3436 2137 3509 iterum
2191 3438 2780 3511 annuntiaverat
2833 3439 3330 3536 (inter-politis
3386 3440 3546 3515 illis
3601 3441 3714 3513 ad‘
3744 3459 3850 3515 te-

270 3557 293 3564 *
350 3551 804 3661 stimonium
869 3551 1185 3626 Ioannis
1254 3549 1615 3650 baptistae
1666 3551 2313 3651 spectantibuav.
2371 3576 2493 3646 33.
2589 3573 2712 3652 34.
2786 3559 2946 3649 35.)
3004 3558 3135 3651 ἐγὼ
3192 3561 3262 3629 δὲ
3315 3559 3461 3651 ἔχω
3514 3561 3633 3654 τὴν
3686 3588 3852 3658 μαρ-

356 3677 592 3769 τυρίαν
646 3676 858 3770 μείζω
909 3674 1036 3746 τοῦ
1085 3668 1419 3752 Ἰωάννου,
1460 3671 1699 3758 illiue,
1754 3671 2097 3768 inquam,
2148 3671 2571 3748 testimonii
2622 3697 2665 3749 a
2715 3680 2886 3750 Deo
2941 3694 3152 3774 patre
3204 3678 3531 3750 exhibiti
3581 3696 3854 3752 natura

358 3806 433 3862 et
498 3786 796 3862 indoles
845 3811 1023 3861 vera
1073 3789 1175 3864 iis
1214 3788 1628 3890 omnibus,
1705 3813 1894 3887 quae
1943 3813 2175 3888 porro
2228 3794 2325 3865 ad
2371 3795 2673 3868 versum
2725 3819 2968 3896 usque
3018 3811 3143 3889 4ο.
3200 3797 3640 3898 sequuntur,
3698 3821 3855 3868 am·

358 3905 569 4004 plius
622 3905 1045 4000 explicatur
1096 3923 1324 4003 atque
1372 3904 1806 3994 illustratur,
1863 3933 2052 4006 quae
2102 3911 2417 4006 quidem
2468 3914 2879 4008 explicatio
2930 3915 3043 3987 rei
3092 3913 3400 3987 uberior
3450 3913 3673 3989 versu
3715 3920 3847 4004 36.

359 4027 453 4096 τὰ
519 4024 655 4120 γὰρ
722 4022 931 4119 ἔργα,
1011 4023 1057 4094 ἃ
1130 4026 1331 4098 ἔδωκέ
1399 4053 1514 4122 μοι
1570 4030 1606 4100 ὁ
1656 4030 1885 4125 πατὴρ
1937 4045 2081 4127 etc.
2131 4032 2669 4121 tantummodo
2725 4032 3122 4119 inchoata,
3181 4033 3416 4115 ,versu
3467 4055 3591 4124 37.
3650 4032 3848 4130 seqq.

363 4141 863 4217 continuatur
934 4158 1014 4213 et
1083 4141 1557 4220 absolvitur.‘
1628 4151 1793 4220 Iam
1843 4145 2071 4220 facile
2120 4165 2354 4245 patet,
2411 4174 2639 4248 quare
2689 4150 2892 4225 Iesus
2945 4152 3039 4225 de
3090 4178 3244 4226 una
3296 4151 3701 4247 eademque
3753 4177 3855 4235 re,

365 4262 460 4334 de
509 4264 719 4348 Deo,
768 4260 1233 4360 legationem
1284 4262 1497 4336 suam
1548 4262 1936 4339 coelestem
1987 4263 2354 4355 testante,
2395 4286 2471 4341 et
2520 4285 2865 4367 tempore
2917 4270 3290 4367 praesenti
3345 4273 3453 4360 (v.
3514 4273 3635 4358 36.
3690 4298 3855 4365 μαρ-

365 4379 591 4477 τ-υρεῖ)
666 4395 742 4449 et
813 4375 1064 4452 forma
1131 4381 1521 4477 praeteriti
1597 4383 1706 4475 (v.
1769 4404 1889 4473 37.
1946 4383 2456 4484 μεμαρτύρηκε)
2529 4387 2707 4462 usus
2760 4388 3015 4462 fuerit.
3134 4394 3421 4484 Opera,
3481 4386 3610 4473 ait,
3667 4411 3860 4484 quae

375 4501 609 4569 Pater
659 4494 845 4567 mihi
899 4497 1433 4587 devetandavit,
1489 4514 1575 4573 ut
1628 4527 1717 4575 ea
1769 4497 2247 4605 perficerem,
2328 4499 2491 4607 ipsa
2546 4506 2727 4580 haec
2778 4531 3055 4602 opera,
3110 4529 3305 4601 quae
3357 4505 3569 4577 edere
3611 4499 3860 4607 sole0,

2987 4647 3051 4713 B
