4575 5567
1860 423 1965 474 *-
2176 407 2289 482 13,
2473 403 2578 450 ’ῖ-

336 583 343 596 “
459 595 813 698 quidem,
869 588 1267 696 diligenter
1314 606 1394 667 et
1441 607 1805 667 accurate.
1890 569 2301 693 ·ρ110·1111·6
2353 592 2678 682 dixerit,
2732 593 2806 667 se
2856 587 3006 668 hoc
3058 579 3304 668 feciffe
3351 588 3451 664 ab
3497 589 3748 679 initio,
3803 591 3966 688 ipsa

457 717 682 790 docet
730 711 960 787 huius
1013 711 1400 811 evangelii
1467 712 1945 787 oeconomia.
2073 712 2490 787 Exorditur
2559 713 2773 786 enim·
2844 717 3092 786 Lucas
3166 714 3686 785 narrationem
3752 710 3972 784 suam
4037 719 4080 766 s

314 863 321 868 ·
452 832 721 930 (c.1.)
774 856 940 941 11011
995 848 1302 903 tantum
1352 849 1393 903 a
1445 832 1836 905 natalibus
1891 827 2205 920 christi,
2259 830 2388 906 sed
2438 832 2671 906 etiam
2723 833 2814 905 ab
2868 833 3012 904 1110
3069 819 3372 906 chnsti
3387 825 3742 928 proxime
3788 854 3966 927 pro-

459 952 698 1026 dituri
770 937 1207 1048 praecone,
1257 952 1551 1023 Ioanne
1623 945 1983 1048 baptista,
2074 951 2389 1047 eiusque
2457 939 3295 1049 origine.1npetrata
3364 947 3636 1023 harum
3708 969 3980 1024 rerum·
4038 936 4044 942 ’

458 1067 912 1170 cognitione
965 1084 1301 1140 accurata
1357 1050 1849 1142 constituerat
1896 1070 2118 1158 haec,
2173 1068 2261 1140 in
2315 1068 2541 1142 usum
2593 1068 3049 1165 Theophili,
3105 1068 3514 1162 καθεξῆς
3584 1067 3974 1165 γράψαι,

453 1188 509 1259 1.
565 1212 629 1261 6.
685 1184 1105 1260 secundum
1156 1186 1505 1259 ordinem
1555 1186 1610 1260 Γ.
1668 1186 1937 1260 seriem
1989 1165 2416 1283 quandam,
2471 1175 2740 1285 Ρ101111
2787 1188 3082 1287 singula
3135 1187 3211 1259 se
3260 1186 3602 1261 invicem
3636 1186 3965 1282 excipie-

448 1306 661 1393 bant,
714 1304 993 1376 litteris
1046 1305 1406 1378 mandare
1457 1304 1691 1400 (Actt.
1751 1328 1873 1395 n,
1927 1303 2059 1399 4..)
2170 1307 2326 1402 Qui
2378 1306 2670 1378 seriem
2697 1308 3082 1403 quandam
3132 1329 3387 1378 rerum
3441 1289 3812 1403 gestarum
3843 1326 3962 1378 ac-
4003 1322 4033 1354 x
4075 1309 4090 1320 ’

278 1485 285 1494 .
335 1457 355 1526 ³.
457 1441 716 1499 curate
768 1424 1369 1520 contemplando
1423 1424 1486 1496 Γ
1533 1422 2111 1523 cogn'oscendo
2139 1425 2397 1498 veluti
2459 1424 2868 1498 comitatus
2923 1422 3062 1513 est,
3145 1423 3242 1497 ab
3297 1426 3510 1496 initio
3587 1424 3796 1508 inde,
3871 1447 3963 1496 eo

447 1523 616 1640 i'pso
671 1557 894 1639 aptus
948 1543 1179 1615 etiam
1230 1541 1573 1615 redditur
1625 1560 1851 1640 atque
1901 1542 2230 1616 idoneus
2285 1540 2383 1614 ad
2432 1544 2813 1616 eiusmodi
2865 1544 3387 1617 narrationem
3435 1541 3714 1614 litteris
3750 1559 3974 1613 man··

376 1661 411 1710 J
450 1660 820 1746 dandam,
877 1683 1069 1755 quae
1118 1659 1291 1731 illas
1344 1659 1756 1753 nass-3395·
1805 1660 2316 1755 persequatur.
2423 1662 2629 1746 Huic
2682 1662 2914 1734 etiam
2962 1658 3348 1759 promiffo
3383 1651 3584 1734 stetit
3641 1675 3974 1759 evange*
4022 1667 4032 1676 ‘

314 1762 319 1771 ⁸
448 1774 635 1853 lista.
738 1774 894 1850 Etfi
949 1776 1157 1849 enim
1208 1776 1563 1849 lubenter
1632 1777 2087 1874 largiamur,
2164 1776 2260 1849 de
2310 1780 2721 1850 nonnullis
2798 1780 3025 1852 dictis
3102 1765 3479 1875 factisque
3529 1773 3824 1850 -Christi
3871 1775 4002 1849 in'

449 1895 851 1996 evangelio
902 1899 1158 1967 Lucae
1209 1895 1576 1967 enarratis
1630 1892 1967 1967 dubitari
2017 1887 2245 1992 Ρο1Υ6
2277 1894 2860 1990 (praeeuntibus
2930 1898 3270 1970 aliorum‘
3328 1892 3996 2002 evangelistarum·

437 2016 634 2106 10013
685 2013 1146 2111 parallelis),
1225 2035 1327 2085 an
1392 2011 1716 2109 scriptor
1764 2035 1849 2086 ea
1921 2011 2063 2116 hoc
2133 2014 2390 2087 ordine
2442 2027 2519 2085 et
2568 2039 2764 2087 nexu
2812 2033 3015 2089 recte
3062 2016 3439 2113 posuerit,
3509 2038 3790 2115 negare
3840 2011 3953 2086 ta

440 2157 624 2207 men
672 2155 843 2206 non
894 2125 1182 2230 potest,
1239 2131 1376 2232 qui
1425 2148 1677 2242 partes
1728 2129 2129 2226 primarias
2182 2131 2584 2229 evangelii
2615 2134 2707 2205 ab
2759 2127 2993 2207 initio
3045 2134 3142 2206 ad
3190 2134 3428 2208 finem
3495 2159 3739 2230 usque
3789 2157 3957 2228 per·

422 2247 906 2334 ¹lustraverit,
981 2247 1426 2340 scriptorem
1472 2245 1818 2320 nostrum
1892 2242 2225 2350 universe
2292 2249 2626 2347 aliquem
2692 2247 3013 2324 tenuiss'e
3084 2268 3511 2352 temporum
3583 2251 3956 2324 ordinem.

448 2366 637 2468 Quis
690 2363 952 2438 fuerit
1022 2362 1155 2435 1116
1235 2364 1731 2460 Theophilus,
1815 2365 1940 2439 cui
2010 2371 2260 2440 Lucas
2329 2386 2408 2440 et
2483 2371 2972 2468 evangelium
3024 2389 3101 2443 et
3151 2373 3338 2445 Acta
3412 2367 3957 2468 Apostolorum

441 2489 556 2578 (1,
618 2484 723 2574 1.)
775 2482 1126 2579 proxi-me
1179 2457 1578 2582 destinavit
1596 2537 1617 2570 ,
1671 2483 2058 2556 incertum
2109 2481 2247 2566 est,
2306 2482 2436 2558 etfi
2486 2485 2818 2562 diversae
2888 2490 3400 2587 interpretum
3467 2490 3953 2564 coniecturae

438 2605 531 2678 in
584 2601 726 2673 hac
778 2596 1209 2699 quaestione
1277 2602 1609 2698 amplius
1681 2598 2119 2678 illustranda
2192 2605 2531 2686 multum
2607 2607 3168 2684 elaboraverint
3210 2603 3339 2703 ¹³).
3444 2609 3704 2684 Vitam
3772 2631 3953 2682 eum

443 2716 717 2819 degiss‘e
768 2737 977 2790 extra
1029 2713 1558 2810 Palaestinam,
1636 2739 1713 2795 et
1761 2713 1966 2795 inter
2017 2747 2147 2798 603
2220 2720 2485 2814 fuiss'e,
2559 2727 2696 2824 qui
2747 2752 2843 2802 ex
2912 2727 3357 2830 paganismo
3413 2725 3509 2802 ad
3577 2711 3952 2802 chxirtum

436 2853 1068 2915 converterentur
1085 2891 1108 2926 ,
1163 2862 1259 2909 ex
1307 2839 1473 2933 ipso
1529 2842 1942 2937 evangelio
1979 2860 2180 2916 recte
2232 2839 2724 2943 colligimus
2689 2900 2711 2933 ,
2783 2871 3025 2984 quum
3092 2850 3627 2947 saepenumero
3700 2846 3950 2924 obser·

444 2957 800 3034 vationes
870 2953 1262 3052 adspergat
1312 2955 1697 3060 eiusmodi
1746 2958 2194 3052 hominibus
2246 2962 2783 3074 inservientes,
2867 2967 3002 3062 qui
3069 2991 3190 3039 res
3258 2969 3602 3043 Iudaicas
3685 2968 3947 3041 minus

439 3074 866 3176 perspectas
941 3072 1331 3174 habeant,
1414 3099 1646 3169 quam
1722 3076 1925 3150 cives
1998 3076 2299 3190 Iudaei,
2380 3076 2873 3154 Palaestinam
2946 3065 3417 3179 potiffimum
3487 3086 3942 3160 incolentes.

331 3283 348 3297 ·
439 3190 965 3266 Praedicatum
998 3190 1178 3261 v’ero
1234 3218 1667 3285 κρατιστο
1694 3221 1731 3270 ς
1766 3219 1948 3266 -non
1987 3194 2272 3291 ubique
2307 3195 2493 3270 viris
2535 3216 2842 3274 tantum
2879 3203 3283 3300 praecipua
3316 3201 3657 3278 muneris
3696 3205 3947 3301 digni-

435 3328 592 3385 tate
620 3304 1049 3406 insignibus
1085 3305 1453 3379 tribuitur
1507 3307 1742 3399 (Actt.
1801 3327 1923 3402 94,
1984 3333 2055 3399 3.
2112 3318 2231 3399 26,
2289 3315 2481 3405 25.)‚
2537 3315 2664 3389 sed
2715 3318 2947 3392 etiam
2999 3318 3108 3395 ita
3160 3321 3580 3410 adhibetur,
3629 3341 3724 3394 ut
3773 3320 3944 3398 [im-

436 3427 744 3528 pliciter
778 3424 1044 3512 amori,
1103 3423 1625 3500 observantiae
1647 3479 1666 3508 ,
1722 3428 2104 3503 amicitiae
2155 3429 2698 3530 significandae*
2717 3437 3103 3526 inserviat,
3160 3442 3540 3540 Theophr.
3584 3441 3937 3516 charactt.

437 3574 501 3625 c.
541 3551 612 3623 6.
650 3543 974 3637 Dionys.
1028 3543 1274 3619 Halic.
1327 3573 1539 3641 τεχνη
1582 3574 1811 3644 paraq.
1863 3548 1978 3638 in.
2032 3549 2186 3656 911.
2244 3549 2516 3626 selecta
2567 3580 2663 3627 ex
2714 3555 3010 3640 scholis·
3043 3562 3541 3658 Valquenarii
3572 3561 3667 3634 ad
3697 3561 3937 3634 libros
4049 3627 4066 3640 ,,
4117 3613 4128 3640 .

435 3664 806 3764 quosdam
858 3668 958 3735 N.
1015 3667 1105 3736 T.
1161 3664 1276 3736 ed.
1312 3661 1894 3766 ‘'Wass‘enbergh.
1951 3672 2041 3741 T.
2092 3675 2152 3743 I.
2207 3694 2282 3765 p.
2348 3690 2462 3766 14.
2570 3676 2752 3765 Sed,
2825 3702 2979 3776 quo
3035 3680 3363 3756 consilio
3417 3687 3668 3754 Lucas
3731 3683 3940 3756 hunc

434 3782 1073 3857 commentarium
1108 3776 1556 3855 historicum
1606 3784 2036 3881 Theophilo
2091 3785 2226 3860 suo
2279 3790 2608 3881 miserit,
2664 3799 3085 3872 accuratius
3119 3795 3290 3896 ipse
3315 3801 3435 3876 his
3470 3797 3725 3876 verbis
3759 3819 3936 3948 pro-
4023 3879 4044 3898 ρ

430 3902 688 3978 fitetur
740 3901 852 3989 (v.
907 3900 1021 3991 4.)
1079 3901 1184 3969 ἵνα
1240 3900 1529 3991 ἐπιγνῶς
1578 3919 1718 3975 etc.
1771 3902 1823 3975 i.
1880 3928 1951 4000 q.
2008 3908 2115 3976 ἵνα
2168 3909 2458 4002 ἐπιγνῶς
2520 3912 2640 4006 τὴν
2693 3917 3079 4006 ἀσφάλειαν
3113 3926 3252 3991 τῶν
3296 3919 3574 4011 λόγων,
3636 3919 3783 4020 περὶ
3845 3910 3935 3990 ων

428 4005 863 4114 χαῖιηχῆθης.
965 4018 1345 4089 Accurate
1394 4039 1576 4091 eum
1628 4016 2072 4125 cognoscere
2121 4026 2298 4099 vult
2349 4027 2590 4120 (haud
2637 4032 3104 4135 negligenda
3157 4033 3255 4110 est
3285 4037 3687 4135 interpreti
3719 4061 3933 4133 prae·

386 4135 702 4236 '‘Politio
756 4163 862 4206 επι
914 4129 1003 4206 111
1052 4134 1288 4208 verbo
1361 4136 1823 4235 compofito,
1898 4140 2032 4216 cst.
2088 4144 2355 4221 selecta
2408 4172 2450 4222 e
2500 4149 2776 4225 scholis
2856 4155 3360 4252 Valquenarii
3402 4145 3542 4230 etc.
3598 4160 3688 4229 T.
3727 4162 3799 4230 I.
3852 4182 3928 4253 p.
4025 4175 4062 4251 ἦ

435 4256 596 4345 15.)
649 4250 1130 4327 narrationes
1200 4277 1460 4329 rerum
1508 4256 1819 4332 illarum
1868 4257 2238 4394 gestarum
2307 4267 2805 4374 (wgoeypawv)
2827 4326 2847 4361 ,
2918 4298 3109 4380 quae
3178 4269 3574 4373 hucusque
3623 4271 3929 4350 institn-

598 4523 708 4601 15)
753 4524 893 4587 cfr.
943 4525 1408 4594 Mtan‘zttae
1455 4529 1831 4616 Einleitung
1870 4536 1938 4600 ἰὴ
1971 4533 2077 4602 die
2111 4537 2469 4622 gbttlichen
2534 4539 2861 4637 Schriften
2905 4545 3011 4610 des
3052 4571 3250 4611 neuen
3297 4547 3588 4625 Rauda,
3638 4564 3699 4611 2.
3755 4549 3927 4612 Theti

426 4625 520 4706 (4.
575 4622 906 4708 Ausgobe)
944 4650 1010 4712 p.
1057 4635 1240 4716 1084.
1273 4627 1362 4721 ff'.

4053 4107 4066 4162 Ι
