4575 5567
1994 389 2216 435 --2-
2429 381 2522 438 ιο
2641 343 2858 416 ·-··-’

724 553 1050 679 cusancis
1106 572 1348 647 suum
1425 567 1805 644 scribendi
1870 549 2361 674 confilium?
2452 570 2762 643 illamve
2838 593 2972 642 των
3064 561 3364 644 πολλων
3405 579 4234 680 commemorationem

725 696 837 787 (v.
902 692 1002 786 1.)
1053 689 1152 766 fic
1217 689 1739 786 interpretari,
1819 708 1912 761 ut
1960 679 2206 764 Lucas
2259 713 2530 762 eorum
2600 689 2974 787 exemplis
3054 681 3553 790 defensionem
3622 693 3764 769 fibi
3832 715 4232 795 paraturus

476 843 487 853 ·
608 803 619 812 ’
721 808 1271 886 existimetur?
1346 814 1519 882 Hoc
1570 825 1874 882 tantum
1927 806 2369 906 profitetur,
2426 809 2776 903 exempla
2829 811 3258 882 multorum
3308 809 3561 908 ipsum
3637 840 3945 914 quoque
4014 821 4232 916 inpu-

728 922 888 1034 liffe
939 948 1016 1030 et
1069 919 1448 1064 excitaffe,
1503 946 1592 999 ut
1642 925 1992 1002 historiae
2044 927 2137 1000 de
2191 923 2481 1002 Christo
2541 927 2811 1036 (quam
2862 926 3027 1002 fieri
3080 925 3359 1024 poffet,
3413 930 3756 1031 integrae
3806 952 3884 1008 et
3937 957 4234 1010 accura-

724 1054 882 1141 tae)
934 1025 1211 1123 litteris
1248 1044 1818 1150 confignandae
1864 1065 2191 1119 manum
2243 1048 2703 1120 admoveret.
2809 1045 3076 1121 Verbis
3129 1065 3329 1121 certe
3380 1052 3665 1149 graecis
3737 1053 3966 1127 nihil
4006 1051 4238 1129 iness'e

720 1167 946 1240 video
968 1219 989 1252 ,
1079 1188 1233 1263 quo
1290 1165 1519 1237 aliam
1571 1165 1663 1239 de
1717 1165 2033 1240 confilio
2086 1165 2316 1239 huius
2391 1164 2780 1261 prooemii
2855 1163 3313 1238 sen-tentiam
3388 1170 3743 1265 amplecti
3803 1172 4232 1246 iubeamur.

717 1284 1042 1356 Monuit
1096 1307 1327 1380 porro
1381 1285 1534 1357 Cel.
1584 1286 1918 1385 Hugius,
1976 1273 2470 1358 demonstrari
2518 1307 2684 1356 non
2740 1280 2948 1380 poss'e
2996 1285 3244 1384 (quod
3295 1286 3358 1358 ii
3408 1288 3861 1383 interpretes
3904 1289 4237 1374 sumant,

720 1403 856 1502 qui
903 1404 1134 1476 verba
1184 1427 1259 1476 v,
1319 1427 1388 1477 n.
1446 1412 1682 1482 καθως
1733 1407 2105 1500 παρεδοσαν
2159 1422 2297 1477 etc.
2353 1404 2449 1476 ad
2500 1399 3066 1478 institutionem
3114 1427 3246 1478 ore
3284 1404 3570 1477 factam
3602 1405 3978 1499 referent)
4032 1407 4239 1504 Apo·

716 1519 948 1600 stolos
1004 1522 1349 1620 aliosque
1398 1518 1614 1596 testes
1664 1522 1869 1598 vitae
1922 1518 2194 1597 Christi
2248 1525 2589 1598 oculatos
2642 1545 2758 1596 res
2813 1519 3044 1623 gestas
3100 1521 3196 1596 ad
3245 1523 3493 1598 vitam
3544 1525 3962 1598 Servatoris
4003 1524 4241 1621 perti·-

710 1659 1039 1723 nentes,-
1096 1642 1237 1744 ubi
1313 1643 1439 1715 vel
1514 1642 1834 1714 Iudaeos
1903 1645 2031 1714 vel
2094 1659 2397 1724 exteros
2469 1639 2869 1725 docerent,
2938 1631 3291 1741 sermone
3360 1644 3774 1739 prolixiori
3843 1639 4252 1721 enarrafl'e,·

718 1761 964 1832 immo
1018 1759 1311 1854 primos
1364 1759 1543 1831 illos
1597 1756 1979 1856 evangelii
2028 1777 2441 1851 praecones
2493 1755 2643 1827 hoc
2695 1753 2914 1855 egiss'e
2969 1759 3553 1852 (praeeuntibus
3605 1760 3977 1856 exemplis
4033 1760 4237 1832 Actt.

724 1896 794 1965 5,
854 1898 973 1964 30.
1028 1877 1132 1978 sq.
1196 1900 1316 1963 ιο,
1376 1871 1809 1967 33.ff.13,
1866 1894 1987 1963 28.
2042 1869 2121 1948 ff.
2182 1895 2301 1966 17,
2360 1875 2509 1965 3.),
2563 1890 2654 1944 ut
2703 1899 2819 1949 res
2871 1874 3270 1971 primarias
3323 1877 3733 1974 conspectu
3803 1874 4241 1952 breviffimo

722 1995 1207 2074 exhiberent,
1290 2017 1446 2089 quo
1523 1994 1780 2089 palam
1830 1992 2081 2078 fieret,
2126 1992 2221 2063 ‘in
2278 1988 2569 2064 Christo
2621 2011 2986 2066 eventum
3052 1991 3387 2067 habuiss'e
3458 1983 3766 2069 oracula
3832 1996 4248 2094 propheta·-

716 2136 895 2185 rum
919 2166 941 2200 ,
996 2112 1244 2208 iisque
1295 2128 1664 2208 tanquam
1714 2106 2220 2200 fundamento
2276 2102 2530 2210 ipsam
2593 2102 2863 2208 Chr-{sti
2913 2112 3342 2183 doctrinam
3394 2110 3795 2186 confestim
3834 2110 4245 2211 superstru-

724 2247 959 2306 erent.
1067 2230 1745 2306 verumenimvero
1814 2242 2066 2328 neque
2127 2228 2322 2301 locis
2392 2227 2641 2300 allatis
2718 2226 3299 2323 comprobatur,
3377 2226 3928 2325 antiquiffimos
4008 2253 4245 2302 evan·
4341 2313 4352 2332 ι

508 2425 523 2432 -
598 2431 605 2436 ,
716 2351 912 2454 ‘gelii
965 2373 1377 2446 praecones
1434 2339 1826 2446 historiam
1880 2342 2152 2419 Christi
2204 2344 2463 2418 eadem
2495 2346 2931 2433 brevitate,
2989 2345 3207 2418 cuius
3261 2343 3488 2417 usum
3540 2346 3624 2418 in
3676 2344 4085 2419 Palaestina
4129 2346 4249 2420 fn-

723 2493 887 2542 cere
938 2470 1339 2566 potuerint
1360 2471 1409 2555 ,'
1436 2464 1639 2564 apud
1691 2471 1988 2539 exteros
2037 2460 2420 2550 tractass'e3
2468 2460 2570 2555 ¹⁰)
2625 2487 2873 2560 neque
2944 2464 3326 2538 eiusmodi
3401 2459 3622 2536 effata
3646 2517 3668 2550 ,
3743 2464 3994 2562 qualia
4057 2465 4249 2538 -sunt

722 2607 772 2662 Ὠ
829 2589 1172 2660 Timoth.
1232 2610 1306 2673 2,
1366 2610 1433 2660 1.
1490 2610 1564 2659 Ω.
1642 2579 1789 2683 (καὶ
1854 2585 1901 2655 ἃ
1959 2583 2366 2680 ἤκουσας
2431 2581 2583 2677 παρ’
2664 2583 2992 2676 {pacata
3051 2583 3331 2650 πολλῶν
3394 2578 3752 2677 μαρτύρων
3801 2564 3980 2671 etc.)
4037 2576 4114 2652 et
4167 2601 4242 2668 3,

722 2723 850 2799 14.
914 2727 1031 2793 15.
1087 2704 1207 2796 (συ
1250 2709 1319 2773 δὲ
1356 2707 1508 2799 μένε
1545 2705 1606 2771 ἐν
1661 2703 1759 2779 οἷς
1813 2703 2148 2797 ἔμαθες
2196 2730 2310 2769 και
2375 2699 2907 2789 evici-&9275
2959 2696 3141 2789 etc.)
3193 2699 3296 2768 ita
3351 2696 3424 2768 se
3475 2698 3780 2784 habent,
3831 2715 3923 2769 ut
3975 2700 4069 2771 de
4105 2698 4248 2770 do·-

728 2823 974 2896 ctrina
1025 2839 1371 2907 tantum,
1420 2842 1673 2914 neque
1724 2820 1913 2891 item
1964 2813 2057 2888 de
2108 2812 2411 2890 historia
2469 2809 2738 2890 christi
2792 2812 3135 2887 sermone
3204 2813 3481 2886 tradita
3536 2831 3612 2886 et
3681 2815 3935 2887 audita
4009 2811 4250 2888 intel-

727 2941 889 3050 ligi
913 2940 1260 3013 debeant.
1369 2943 1797 3033 Utrumque
1851 2913 2070 3006 alteri
2121 2932 2277 3006 fuit
2328 2926 3051 3007 coniunctiffimum.
3157 2931 3699 3006 Defiderabant
3751 2933 3956 3006 haud
4009 2932 4266 3006 dubie·

728 3062 1097 3162 permulti
1150 3077 1459 3144 eorum,
1518 3055 1653 3152 qui
1702 3077 1953 3152 neque
2007 3054 2405 3126 audierant
2455 3048 2833 3124 Christum
2903 3050 3342 3136 docentem,
3418 3075 3675 3164 neque
3725 3043 4080 3124 viderant
4109 3050 4248 3123 fa—

731 3198 847 3254 cta
898 3176 1226 3277 infignia
1279 3193 1355 3249 et
1390 3170 1737 3246 benefica
1790 3170 2189 3253 edentem,
2247 3168 2790 3237 accuratiorem
2819 3157 3306 3264 singularum
3359 3187 3646 3248 rerum,
3724 3179 3916 3259 quae
3969 3166 4080 3234 affd
4113 3168 4236 3239 vi·

726 3318 885 3372 tam
925 3295 1344 3370 servatoris
1401 3293 1708 3375 virtute,
1765 3267 2158 3382 sapientia,
2212 3284 2563 3380 potentia
2618 3282 2887 3356 divina
2938 3280 3316 3396 insignem·
3368 3281 3885 3376 pertinerent,
3941 3275 4236 3376 expolit

727 3417 1052 3490 tionem.
1163 3413 1354 3511 Quis
1410 3407 1700 3506 credat,
1755 3399 2161 3503 Apostolos
2216 3425 2636 3500 eorumque
2687 3404 3046 3488 comites,
3122 3418 3198 3473 et
3269 3400 3651 3473 adiutores
3705 3425 3870 3473 non
3948 3398 4239 3472 satisfe-

730 3533 897 3610 ciss'e
947 3534 1130 3605 huic
1206 3529 1605 3615 defiderio,
1683 3527 1790 3599 ita
1842 3541 1933 3597 ut
1982 3515 2349 3622 finguli,'
2398 3518 2706 3608 diverfis
2757 3521 2949 3593 locis
3003 3520 3671 3614 temporibusque,
3743 3517 3983 3591 modo
4053 3519 4238 3589 haec

727 3655 960 3728 modo
1014 3654 1148 3724 illa
1199 3645 1551 3723 historiae
1605 3638 1874 3717 Christi
1927 3641 2215 3738 capita,
2294 3640 2559 3736 prouti
2608 3638 2910 3711 indoles
2982 3654 3208 3734 atque
3275 3637 3680 3735 ingenium
3757 3635 4240 3708 audientium

725 3769 1175 3871 postularet,
1226 3765 1460 3841 modo
1516 3764 1861 3850 brevius,
1912 3764 2150 3836 modo
2202 3759 2584 3857 prolixius
2638 3754 3128 3831 enarrarent?
3233 3760 3490 3868 Quum
3540 3778 3726 3827 vero
3780 3756 4059 3828 horum
4093 3753 4242 3827 ser*

726 3917 1050 3967 monum
1125 3883 1390 3962 senfim
1468 3883 1884 3980 senfimque
1959 3880 2366 3982 aequalitas
2446 3877 2816 3975 quaedam
2870 3892 2946 3948 et
2997 3873 3413 3947 fimilitudo
3483 3897 3759 3973 magna
3831 3868 4244 3962 exstitisset,
4307 3961 4316 3970 .

729 4037 824 4084 ex
865 4012 1186 4111 ingenio
1244 4006 1557 4107 quidem
1596 4001 1997 4077 idiomatis
2049 3998 2434 4074 hebraico·
2406 3994 2712 4108 Jgraeci,
2768 4020 2863 4069 ex
2912 3973 3074 4092 ipsa
3125 3993 3369 4067 animi
3420 3991 3692 4067 indole
3741 4015 4048 4118 eorum,
4105 3992 4244 4087 qui

900 4318 1012 4393 ιο)
1092 4314 1577 4402 Perpendamus
1658 4314 1971 4386 omnino,
2060 4309 2399 4371 volumine
2572 4294 3383 4388 ἒυηγγελίσασθαι
3431 4300 3765 4377 dicuntur,
3809 4300 3904 4359 ita
3928 4309 4003 4357 ut
4022 4315 4238 4379 neque

728 4407 1047 4486 Actorum
1090 4442 1223 4482 non
1275 4419 1492 4481 omnia
1537 4411 1903 4489 contineri,
1973 4433 2141 4498 quae
2196 4410 2394 4497 primi
2569 4421 3017 4495 argumentum
3044 4450 3063 4480 ,
3112 4425 3329 4490 neque
3374 4401 3666 4466 ambitu·
3726 4401 4101 4460 sermonum
4137 4417 4242 4458 ac·

726 4523 1034 4587 doctores
1105 4519 1462 4586 Christiani
1501 4539 1784 4606 unquam
1830 4514 2193 4578 docuerint.
2241 4514 2395 4577 Sae-
2569 4511 2858 4572 curatius
2928 4506 3330 4581 definiatur,
3387 4505 3568 4564 Actt.
3616 4509 3682 4575 8,
3727 4507 3787 4580 4.
3841 4516 3935 4562 19.
3981 4509 4088 4577 25.
4134 4508 4239 4577 35.

706 4647 1083 4712 -penumero
1164 4620 1466 4687 universe
1546 4636 1795 4683 tantum
1867 4638 2227 4703 praecones
2287 4617 2390 4678 ini
2563 4621 2672 4693 40.
2725 4631 2825 4689 ιι,
2877 4626 2981 4674 so.
3037 4617 3136 4687 14,
3189 4623 3252 4687 7·
3300 4623 3400 4667 nx.
3457 4612 3559 4680 15,
3608 4613 3713 4682 35.

4167 5515 4226 5528 „A
4239 5482 4559 5526 -.-.,-
